@Article{OptimalPredEveryDay,
   Author="Thomas Griffiths and Joshua Tenenbaum",
   Title="Optimal Predictions in Everyday Cognition",
   Journal="Psychological Science",
   Year="2006",
   Volume="17",
   Number="9",
   Pages="767--727"
}

@misc{AuctionTypes,
   Author="Shor, Mikhael",
   Title="Dictionary of Game Theory Terms",
   howpublished = "\url{http://www.gametheory.net/}",
   note="Last visited 9 Jan 2012",
   year={2012}
   
}

@misc{BayesSecondAuction,
   Author="Albano, G.L. and Jouneau-Sion, F.",
   Title="Bayesian inference in repeated English auctions",
   howpublished = "\url{http://else.econ.ucl.ac.uk/newweb/papers.php}"
}

