@Article{ NewEntry1,
	title = "Are large complex economic systems unstable?",
	author = "Sitabhra Sinha",
	url = "http://arxiv.org/abs/1009.0972v1"
}

