#Created by Kbib version 0.6.5
#Last modified: Sun Jan  8 00:28:09 2012


@article{Geng2006,
	author = {Geng, Tao and Porr, Bernd and {W\"{o}rg\"{o}tter}, Florentin},
	title = {Fast Biped Walking with A Sensor-driven Neuronal Controller and Real-time Online Learning},
	journal = {International Journal of Robotics Research},
	year = {2006},
	volume = {25},
	number = {3},
	pages = {243--259},
	month = {March},

}

@misc{Porr2006biosys,
	author = {Porr, Bernd and {W\"{o}rg\"{o}tter}, Florentin},
	title = {Fast heterosynaptic learning in a robot food retrieval task inspired by the limbic system},
	howpublished = {accepted at Biosystems},
	year = {2006},

}

@article{Saudargiene2004,
	author = {Saudargiene, Ausra and Porr, Bernd and {W\"{o}rg\"{o}tter}, Florentin},
	title = {How the shape of pre- and postsynaptic signals can influence STDP: 
                  A biophysical model},
	journal = {Neural Comp.},
	year = {2004},
	volume = {16},
	pages = {595--626},

}

@inproceedings{Porr2004nips,
	author = {Porr, Bernd and {W\"{o}rg\"{o}tter}, Florentin},
	title = {Analytical solution of spike-timing dependent plasticity based on synaptic biophysics},
	booktitle = {Advances in Neural Information Processing Systems},
	year = {2004},
	editor = {Sebastian Thrun and Lawrence Saul and Bernhard Sch\"olkopf},
	volume = {16},
	address = {Cambridge, MA},
	publisher = {MIT Press},

}

@misc{Tamosiunaite2006,
	author = {Tamosiunaite, Minija and
                  Porr, Bernd and 
                  {W\"{o}rg\"{o}tter}, Florentin},
	title = {Temporally changing synaptic plasticity},
	howpublished = {Advances in Neural Information Processing Systems 18. 
                  MIT Press, Cambridge, MA (in press)},
	year = {2006},

}

@article{Woergoetter2005,
	author = {{W\"{o}rg\"{o}tter}, Florentin and Porr, Bernd},
	title = {Temporal sequence learning, prediction and control - 
                  A review of different models and their relation to biological mechanisms},
	journal = {Neural Comp},
	year = {2005},
	volume = {17},
	pages = {245--319},

}

@incollection{NIPS2003_NS13,
	author = {Bernd Porr and  Ausra Saudargiene and  Florentin {W\"{o}rg\"{o}tter}},
	title = {Analytical Solution of Spike-timing Dependent Plasticity Based on Synaptic Biophysics},
	booktitle = {Advances in Neural Information Processing Systems 16},
	publisher = {MIT Press},
	year = {2004},
	editor = {Sebastian Thrun and Lawrence Saul and Bernhard {Sch\"{o}lkopf}},
	address = {Cambridge, MA},
	keywords = {synaptic plasticity, spike timing, unsupervised learning, analytical predictions},

}

@inproceedings{Porr2005,
	author = {Porr, Bernd and W{\"o}rg{\"o}tter, Florentin},
	title = {Non-hebbian synaptic plasticity allows for the stable
                  implementation of one-shot predicitive learning},
	booktitle = {30th G{\"o}ttingen neurobiology conference},
	year = {2005},
	address = {G{\"o}ttingen},
	note = {(in press)},

}

@article{PorrNecoInvco2003,
	author = {Porr, Bernd and von Ferber, Christian and W\"org\"otter,
                  Florentin},
	title = {{ISO}-learning approximates a solution to the
                  inverse-controller problem
                  in an unsupervised behavioural paradigm},
	journal = {Neural Comp.},
	year = {2003},
	volume = {15},
	pages = {865--884},

}

@article{PorrBio2001,
	author = {Porr, Bernd and W{\"o}rg{\"o}tter, Florentin},
	title = {Isotropic Sequence Order Learning using a
                  Novel Linear Algorithm in a Closed Loop Behavioural System},
	journal = {Biosystems},
	year = {2002},
	volume = {67},
	number = {1--3},
	pages = {195--202},

}

@inproceedings{PorrWoe01,
	author = {Porr, Bernd and W{\"o}rg{\"o}tter, Florentin},
	title = {Temporal Hebbian Learning in Rate-Coded Neural
                  Networks: A Theoretical Approach towards Classical
                  Conditioning},
	booktitle = {Artificial Neural Networks --- ICANN 2001},
	pages = {1115--1120},
	year = {2001},
	editor = {Dorffner, Georg and Bischof, Horst and Hornik, Kurt},
	volume = {2130},
	address = {Berlin},
	publisher = {Springer},

}

@article{PorrWoeNeurocomp2002,
	author = {Porr, Bernd and W\"org\"otter, Florentin},
	title = {Predictive learning in rate-coded neuronal
                  networks: a theoretical approach towards classical
                  conditioning},
	journal = {Neurocomputing},
	year = {2002},
	volume = {44--46},
	pages = {585--590},

}

@inproceedings{Porr2002constr,
	author = {Porr, Bernd and W\"org\"otter, Florentin},
	title = {Autonomy, self-reference and contingency in computational
                  neuroscience},
	booktitle = {Radical Communication: Rethinking Interaction and Dialogue},
	year = {2002},
	editor = {Grant, Colin B.},
	address = {Heriot Watt University, Edinburgh},

}

@inproceedings{Porr2002wgw,
	author = {Porr, Bernd and W\"org\"otter, Florentin},
	title = {Isotropic Sequence Order Learning in a
                  Closed Loop Behavioural System},
	booktitle = {EPSRC/BBSRC International Workshop -
                  Biologically-Inspired Robotics:
                  The Legacy of W. Grey Walter},
	organization = {Hewlett-Packard},
	optaddress = {Bristol},
	optseries = {HP technical report},
	optyear = {2002}
}

@article{Porr2002ijcv,
	author = {Porr, Bernd and W\"org\"otter, Florentin},
	title = {Stereoscopic depth analysis in video real-time by
                  means of causal electronic filters},
	journal = {Int. J. Comp. Vis. (IJCV)},
	year = {2002},
	volume = {49},
	number = {1},
	pages = {39--55},

}

@book{Porr2002duv,
	author = {Bernd Porr},
	title = {Systemtheorie und Naturwissenschaft
                  Eine interdisziplindre Analyse von Niklas Luhmanns Werk},
	publisher = {Deutscher Universit{\"a}ts-Verlag},
	year = {2002},
	address = {Wiesbaden},

}

@misc{Porr2001patent,
	author = {Porr, Bernd and W\"org\"otter, Florentin},
	title = {Predictive Filter: Controller and Method of 
                  Controlling an Apparatus},
	howpublished = {EU patent},
	year = {2001},
	note = {Filed 5 june 2001 in the name of the University of Stirling,
                  Sold sept 2004.},

}

@article{Porr1998,
	author = {Porr, Bernd and Cozzi, Alex and W\"org\"otter, Florentin},
	title = {How to "hear" visual disparities: real-time stereoscopic spatial depth analysis using temporal resonance},
	journal = {Biol. Cybernet.},
	year = {1998},
	volume = {78},
	number = {5},
	pages = {329--336},

}

@misc{Porr1996,
	author = {Porr, Bernd and W\"org\"otter, Florentin},
	title = {Verfahren zur dreidimensionalen Echtzeit-Stereobildanalyse},
	howpublished = {German patent},
	year = {2000},
	note = {filed 27 june 1996 in the name of the University of Bochum},

}

@article{Stamm2006,
	author = {Kristin Stamm},
	title = {Individual learning and the Dynamics in Predator-Prey Populations},
	journal = {G\"ottingen informatic journal},
	year = {2006},
	number = {ZFI-NM-2007-08},
	pages = {243--259},
	month = {April},

}

@article{Qlearning-MAS,
	author = {Ou Haitao; Zhang Weidong; Zhang Wenyuan; Xu Xiaoming},
	title = {A novel multi-agent Q-learning algorithm in cooperative multi-agentsystem},
	journal = {Intelligent Control and Automation. Proceedings of the 3rd World Congress},
	year = {2000},
	volume = {1},
	pages = {272 - 276},

}

@article{Floreano-MAS,
	author = {Dario Floreano and Sara Mitri and Stephane Magnenat},
	title = {Evolutionary conditions for the emergence of Communication in Robots},
	journal = {Current biology},
	year = {2007},
	volume = {17},
	number = {17},
	pages = {514-519},
	month = {March},

}

@article{EmergenceCommMas,
	author = {Steffen Wischmann and Frank Pasemann},
	title = {The emergence of communication by evolving dynamical systems},
	journal = {From Animals to Animats},
	year = 2006,
	volume = {1},
	number = 9,
	pages = {777-788},
	month = {September},

}

@article{OriginsComm,
	author = {David Marrocco and Stefano Nolfi},
	title = {Origins of communication in Evolving robots},
	journal = {From Animals to Animats},
	year = 2006,
	volume = {1},
	number = 9,
	pages = {789-803},
	month = {September},

}

@book{tan97multiagent,
	author = {Ming Tan},
	title = {Multi-Agent Reinforcement Learning: Independent vs.\ Cooperative Learning},
	publisher = {Morgan Kaufmann},
	year = {1997},
	address = {San Francisco, CA, USA},
	booktitle = {Readings in Agents},
	pages = {487--494}
}

