@Article{DiProdi2010PredictiveInfo,
	title = "A novel information measure for predictive learning 
                 in a social system setting",
	author = {{Paolo} {Di Prodi} and Bernd Porr and Florentin {W{\"o}rg{\"o}tter}},
	journal = "LNAI",
	pages = "511--522",
	volume = "6226",
	year = "2010"
}

@Article{Kulvicius2010:infomeasure,
	author = {Kulvicius Tomas and  Kolodziejski Christoph and Tamosiunaite Minija and Porr Bernd and W{\"o}rg{\"o}tter Florentin},
	title = "Behavioral analysis of differential Hebbian learning in closed-loop systems",
	journal = "Biological Cybernetics",
	year = 2010,
	volume = "103",
	pages = "255--271",
	note = "10.1007/s00422-010-0396-4",
	url = "http://dx.doi.org/10.1007/s00422-010-0396-4",
	affiliation = {Bernstein Center for Computational Neuroscience, Department for Computational Neuroscience, III Physikalisches Institut - Biophysik, Georg-August-Universit{\"a}t G{\"o}ttingen, Friedrich-Hund Platz 1, 37077 G{\"o}ttingen, Germany},
	issn = "0340-1200",
	issue = "4",
	keyword = "Computer Science",
	publisher = "Springer Berlin / Heidelberg"
}

@Article{Manoonpong2007,
	Author = {Manoonpong, P. and Geng, T. and Kulvicius, T. and Porr, B. and W{\"o}rg{\"o}tter, F.},
	Title = "Adaptive, Fast Walking in a Biped Robot under Neuronal Control and Learning",
	Journal = "PLoS Computational Biology",
	Year = "2007",
	Volume = "3",
	Number = "7",
	Pages = "e134 doi:10.1371/journal.pcbi.0030134"
}

@Article{Kolodziejski2008b,
	author = {C. Kolodziejski and B. Porr and F. W{\"o}rg{\"o}tter},
	title = "Mathematical properties of neuronal {TD}-rules and differential Hebbian learning: A comparison",
	journal = "Biological Cybernetics",
	year = "2008",
	volume = "98",
	number = "3",
	pages = "259--272"
}

@Article{Kolodziejski2009,
	author = {C. Kolodziejski and B. Porr and F. W{\"o}rg{\"o}tter},
	title = "{{O}n the asymptotic equivalence between differential {H}ebbian and temporal difference learning}",
	journal = "Neural Computation",
	year = "2009",
	volume = "21",
	pages = "1173--1202",
	month = "Apr"
}

@Article{Saudargiene2005,
	author = {Saudargiene, Ausra and Porr, Bernd and W{\"o}rg{\"o}tter, Florentin},
	title = "{{S}ynaptic modifications depend on synapse location and activity: a biophysical model of {S}{T}{D}{P}}",
	journal = "BioSystems",
	year = "2005",
	volume = "79",
	pages = "3 -- 10"
}

@Article{Kulvicius2007,
	author = {Kulvicius, Tomas and Porr, Bernd and W{\"o}rg{\"o}tter, Florentin},
	title = {Chained learning architectures in a simple closed-loop behavioural context},
	journal = "Biol Cybern",
	year = "2007",
	volume = "97",
	pages = "363 -- 378",
	month = "Dec"
}

@Article{Kulvicius2007RFrobot,
	title = "Development of receptive fields in a closed-loop behavioural system",
	journal = "Neurocomputing",
	volume = "70",
	number = "10-12",
	pages = "2046--2049",
	year = "2007",
	note = "Computational Neuroscience: 
                Trends in Research 2007, Computational Neuroscience 2006",
	issn = "0925-2312",
	doi = "DOI: 10.1016/j.neucom.2006.10.132",
	url = "http://www.sciencedirect.com/science/article/B6V10-4MC81MT-1/2/adb511122cc0140642ddf7c6ad86ff2d",
	author = "Kulvicius, Tomas and Porr, Bernd and {W\"{o}rg\"{o}tter}, Florentin",
	keywords = "Receptive fields",
	keywords1 = "Temporal sequence learning",
	keywords2 = "Closed loop"
}

@Article{Kulvicius2010RFinformation,
	author = "Kulvicius, Tomas and Kolodziejski, Christoph
                  and Tamosiunaite, Minija and Porr, Bernd and 
                  {W\"{o}rg\"{o}tter}, Florentin",
	title = "Behavioral analysis of differential Hebbian learning 
                 in closed-loop systems",
	journal = "Biol. Cybern.",
	volume = "103",
	issue = "4",
	month = "October",
	year = "2010",
	issn = "0340-1200",
	pages = "255--271",
	numpages = "17",
	url = "http://dx.doi.org/10.1007/s00422-010-0396-4",
	doi = "http://dx.doi.org/10.1007/s00422-010-0396-4",
	acmid = "1858539",
	publisher = "Springer-Verlag New York, Inc.",
	address = "Secaucus, NJ, USA",
	keywords = "Energy, Entropy, Input/output ratio, 
                    Learning and plasticity, Optimal agents, Sensorimotor loop"
}




@Article{DiProdiMultiAgent2008,
	author = {{Di Prodi},{Paolo} and 
                  Porr, Bernd and 
                  W{\"o}rg{\"o}tter, Florentin},
	title = "Adaptive Communication Promotes 
                 Sub-system Formation in a Multi Agent System 
                 with Limited Resources",
	journal = "LAB-RS '08: Proceedings of the 2008 ECSIS 
                   Symposium on Learning and Adaptive Behaviors 
                   for Robotic Systems",
	year = "2008",
	isbn = "978-0-7695-3272-1",
	pages = "89--96",
	doi = "http://dx.doi.org/10.1109/LAB-RS.2008.19",
	publisher = "IEEE Computer Society",
	address = "Washington, DC, USA"
}


@Article{Geng2006,
  author = 	 {Geng, Tao and Porr, Bernd and {W\"{o}rg\"{o}tter}, Florentin},
  title = 	 {Fast Biped Walking with A Sensor-driven Neuronal Controller and Real-time Online Learning},
  journal = 	 {Int. Journ. of Robotics Research},
  year = 	 {2006},
  OPTkey = 	 {},
  volume = 	 {25},
  number = 	 {3},
  pages = 	 {243--259},
  month = 	 {March},
  OPTnote = 	 {},
  OPTannote = 	 {}
}

@Article{Porr2006cf,
  author = 	 {Porr, Bernd and Egerton, Alice and
                  {W\"{o}rg\"{o}tter}, Florentin},
  title = 	 {Towards Closed Loop Information: Predictive Information},
  journal = 	 {Constructivist Foundations},
  year = 	 {2006},
  OPTkey = 	 {},
  volume = 	 {1},
  number = 	 {2},
  pages = 	 {83--90},
  OPTmonth = 	 {},
  OPTnote = 	 {},
  OPTannote = 	 {}
}

@Misc{Porr2006biosys,
  OPTkey = 	 {},
  author = 	 {Porr, Bernd and {W\"{o}rg\"{o}tter}, Florentin},
  title = 	 {Fast heterosynaptic learning in a robot food retrieval task inspired by the limbic system},
  howpublished = {accepted at Biosystems},
  OPTmonth = 	 {},
  year = 	 {2006},
  OPTnote = 	 {},
  OPTannote = 	 {}
}

@Article{Saudargiene2004,
  author = 	 {Saudargiene, Ausra and Porr, Bernd and {W\"{o}rg\"{o}tter}, Florentin},
  title = 	 {How the shape of pre- and postsynaptic signals can influence STDP: 
                  A biophysical model},
  journal = 	 { Neural Comp.},
  year = 	 {2004},
  OPTkey = 	 {},
  volume = 	 {16},
  OPTnumber = 	 {},
  pages = 	 {595--626},
  OPTmonth = 	 {},
  OPTnote = 	 {},
  OPTannote = 	 {}
}


@Article{Porr2006ICO,
  author = 	 {Porr, Bernd and {W\"{o}rg\"{o}tter}, Florentin},
  title = 	 {Strongly improved stability and faster convergence of 
                  temporal sequence learning by utilising input correlations only},
  journal = 	 {Neural Computation},
  year = 	 {2006},
  OPTkey = 	 {},
  volume = 	 {18},
  number = 	 {6},
  pages = 	 {1380--1412},
  OPTmonth = 	 {},
  OPTnote = 	 {},
  OPTannote = 	 {}
}

@Misc{Tamosiunaite2006,
  OPTkey = 	 {},
  author = 	 {Tamosiunaite, Minija and
                  Porr, Bernd and 
                  {W\"{o}rg\"{o}tter}, Florentin},
  title = 	 {Temporally changing synaptic plasticity},
  howpublished = {Advances in Neural Information Processing Systems 18. 
                  MIT Press, Cambridge, MA},
  OPTmonth = 	 {},
  year = 	 {2006},
  OPTnote = 	 {},
  OPTannote = 	 {}
}

@Article{Woergoetter2005,
  author = 	 {{W\"{o}rg\"{o}tter}, Florentin and Porr, Bernd},
  title = 	 {Temporal sequence learning, prediction and control - 
                  A review of different models and their relation to biological mechanisms},
  journal = 	 {Neural Comp},
  year = 	 {2005},
  OPTkey = 	 {},
  volume = 	 {17},
  OPTnumber = 	 {},
  pages = 	 {245--319},
  OPTmonth = 	 {},
  OPTnote = 	 {},
  OPTannote = 	 {}
}

@incollection {NIPS2003_NS13,
  author = " Bernd Porr and  Ausra Saudargiene and  Florentin {W\"{o}rg\"{o}tter}",
  title = " Analytical Solution of Spike-timing Dependent Plasticity Based on Synaptic Biophysics",
  booktitle = "Advances in Neural Information Processing Systems 16",
  editor = "Sebastian Thrun and Lawrence Saul and Bernhard {Sch\"{o}lkopf}",
  publisher = "MIT Press",
  address = "Cambridge, MA",
  year = "2004",
  keywords = "synaptic plasticity, spike timing, unsupervised learning, analytical predictions",
  }


@InProceedings{Porr2005,
  author = 	 {Porr, Bernd and W{\"o}rg{\"o}tter, Florentin},
  title = 	 {Non-hebbian synaptic plasticity allows for the stable
                  implementation of one-shot predicitive learning},
  booktitle = 	 {30th G{\"o}ttingen neurobiology conference},
  OPTcrossref =  {},
  OPTkey = 	 {},
  OPTpages = 	 {},
  year = 	 {2005},
  OPTeditor = 	 {},
  OPTvolume = 	 {},
  OPTnumber = 	 {},
  OPTseries = 	 {},
  address = 	 {G{\"o}ttingen},
  OPTmonth = 	 {},
  OPTorganization = {},
  OPTpublisher = {},
  note = 	 {(in press)},
  OPTannote = 	 {}
}


@Article{PorrNecoInvco2003,
  author = 	 {Porr, Bernd and von Ferber, Christian and W\"org\"otter,
                  Florentin},
  title = 	 {{ISO}-learning approximates a solution to the
                  inverse-controller problem
                  in an unsupervised behavioural paradigm},
  journal = 	 {Neural Comp.},
  year = 	 {2003},
  OPTkey = 	 {},
  volume = 	 {15},
  OPTnumber = 	 {},
  pages = 	 {865--884},
  OPTmonth = 	 {},
  OPTnote = 	 {},
  OPTannote = 	 {}
}


@Article{PorrNecoISO2003,
  author = 	 {Porr, Bernd and W\"org\"otter,Florentin},
  title = 	 {Isotropic Sequence Order Learning},
  journal = 	 {Neural Comp.},
  year = 	 {2003},
  OPTkey = 	 {},
  volume = 	 {15},
  OPTnumber = 	 {},
  pages = 	 {831--864},
  OPTmonth = 	 {},
  OPTnote = 	 {},
  OPTannote = 	 {}
}

@Article{PorrBio2001,
  author = 	 {Porr, Bernd and W{\"o}rg{\"o}tter, Florentin},
  title = 	 {Isotropic Sequence Order Learning using a Novel Linear Algorithm in a Closed Loop Behavioural System},
  journal = 	 {Biosystems},
  year = 	 {2002},
  OPTkey = 	 {},
  volume = 	 {67},
  number = 	 {1--3},
  pages = 	 {195--202},
  OPTmonth = 	 {},
  OPTnote = 	 {},
  OPTannote = 	 {}
}

@InProceedings{PorrWoe01,
  author = 	 {Porr, Bernd and W{\"o}rg{\"o}tter, Florentin},
  title = 	 {Temporal Hebbian Learning in Rate-Coded Neural
                  Networks: A Theoretical Approach towards Classical
                  Conditioning},
  booktitle = 	 {Artificial Neural Networks --- ICANN 2001},
  OPTcrossref =  {},
  OPTkey = 	 {},
  pages = 	 {1115--1120},
  year = 	 {2001},
  editor = 	 {Dorffner, Georg and Bischof, Horst and Hornik, Kurt},
  volume = 	 {2130},
  OPTnumber = 	 {},
  OPTseries = 	 {},
  address = 	 {Berlin},
  OPTmonth = 	 {},
  OPTorganization = {},
  publisher =    {Springer},
  OPTnote = 	 {},
  OPTannote = 	 {}
}

@Article{PorrWoeNeurocomp2002,
  author = 	 {Porr, Bernd and W\"org\"otter, Florentin},
  title = 	 {Predictive learning in rate-coded neuronal
                  networks: a theoretical approach towards classical
                  conditioning},
  journal = 	 {Neurocomputing},
  year = 	 {2002},
  OPTkey = 	 {},
  volume = 	 {44--46},
  OPTnumber = 	 {},
  pages = 	 {585--590},
  OPTmonth = 	 {},
  OPTnote = 	 {},
  OPTannote = 	 {}
}

@InProceedings{Porr2002constr,
  author = 	 {Porr, Bernd and W\"org\"otter, Florentin},
  title = 	 {Autonomy, self-reference and contingency in computational
                  neuroscience},
  booktitle = 	 {Radical Communication: Rethinking Interaction and Dialogue},
  OPTcrossref =  {},
  OPTkey = 	 {},
  OPTpages = 	 {},
  year = 	 {2002},
  editor = 	 {Grant, Colin B.},
  OPTvolume = 	 {},
  OPTnumber = 	 {},
  OPTseries = 	 {},
  address = 	 {Heriot Watt University, Edinburgh},
  OPTmonth = 	 {},
  OPTorganization = {},
  OPTpublisher = {},
  OPTnote = 	 {},
  OPTannote = 	 {}
}

@Article{Porr2005kyb,
  author = 	 {Porr, Bernd and W\"org\"otter, Florentin},
  title = 	 {What means Embodiment for Radical Constructivists?},
  journal = 	 {Kybernetes},
  year = 	 {2005},
  OPTkey = 	 {},
  OPTvolume = 	 {},
  OPTnumber = 	 {},
  pages = 	 {105--117},
  OPTmonth = 	 {},
  OPTnote = 	 {},
  OPTannote = 	 {}
}

@InProceedings{Porr2002wgw,
  author = 	 {Porr, Bernd and W\"org\"otter, Florentin},
  booktitle = 	 {EPSRC/BBSRC International Workshop -
                  Biologically-Inspired Robotics:
                  The Legacy of W. Grey Walter},
  title = 	 {Isotropic Sequence Order Learning in a
                  Closed Loop Behavioural System},
  OPTcrossref =  {},
  OPTkey = 	 {},
  OPTpages = 	 {},
  OPTyear = 	 {2002},
  OPTeditor = 	 {},
  OPTvolume = 	 {},
  OPTnumber = 	 {},
  OPTseries = 	 {HP technical report},
  OPTaddress = 	 {Bristol},
  OPTmonth = 	 {},
  organization = {Hewlett-Packard},
  OPTpublisher = {},
  OPTnote = 	 {},
  OPTannote = 	 {}
}

@Article{Porr2003rsoc,
  author = 	 {Porr, Bernd and W\"org\"otter, Florentin},
  title = 	 {Isotropic sequence order learning in a 
                  closed loop behavioural system},
  journal = 	 {Roy. Soc. Phil. Trans.
                  Math., Phys. \& Eng. Sciences},
  year = 	 {2003},
  OPTkey = 	 {},
  volume = 	 {361},
  number = 	 {1811},
  pages = 	 {2225--2244},
  OPTmonth = 	 {},
  OPTnote = 	 {},
  OPTannote = 	 {}
}

@Article{Porr2002ijcv,
  author = 	 {Porr, Bernd and W\"org\"otter, Florentin},
  title = 	 {Stereoscopic depth analysis in video real-time by
                  means of causal electronic filters},
  journal = 	 {Int. J. Comp. Vis. (IJCV)},
  year = 	 {2002},
  OPTkey = 	 {},
  volume = 	 {49},
  number = 	 {1},
  pages = 	 {39--55},
  OPTmonth = 	 {},
  OPTnote = 	 {},
  OPTannote = 	 {}
}

@Book{Porr2002duv,
  author = 	 {Bernd Porr},
  ALTeditor = 	 {},
  title = 	 {Systemtheorie und Naturwissenschaft
                  Eine interdisziplindre Analyse von Niklas Luhmanns Werk},
  publisher = 	 {Deutscher Universit{\"a}ts-Verlag},
  year = 	 {2002},
  OPTkey = 	 {},
  OPTvolume = 	 {},
  OPTnumber = 	 {},
  OPTseries = 	 {},
  address = 	 {Wiesbaden},
  OPTedition = 	 {},
  OPTmonth = 	 {},
  OPTnote = 	 {},
  OPTannote = 	 {}
}

@Misc{Porr2001patent,
  OPTkey = 	 {},
  author = 	 {Porr, Bernd and W\"org\"otter, Florentin},
  title = 	 {Predictive Filter: Controller and Method of 
                  Controlling an Apparatus},
  howpublished = {EU patent},
  OPTmonth = 	 {},
  year = 	 {2001},
  note = 	 {Filed 5 june 2001 in the name of the University of Stirling,
                  Sold sept 2004.},
  OPTannote = 	 {}
}

@Article{Porr1998,
  author = 	 {Porr, Bernd and Cozzi, Alex and W\"org\"otter, Florentin},
  title = 	 {How to "hear" visual disparities: real-time stereoscopic spatial depth analysis using temporal resonance},
  journal = 	 {Biol. Cybernet.},
  year = 	 {1998},
  OPTkey = 	 {},
  volume = 	 {78},
  number = 	 {5},
  pages = 	 {329--336},
  OPTmonth = 	 {},
  OPTnote = 	 {},
  OPTannote = 	 {}
}

@Misc{Porr1996,
  OPTkey = 	 {},
  author = 	 {Porr, Bernd and W\"org\"otter, Florentin},
  title = 	 {Verfahren zur dreidimensionalen Echtzeit-Stereobildanalyse},
  howpublished = {German patent},
  OPTmonth = 	 {},
  year = 	 {2000},
  note = 	 {filed 27 june 1996 in the name of the University of Bochum},
  OPTannote = 	 {}
}


@Article{Tamosiunaite2007,
author = "Tamosiunaite, M and Porr, B and W{\"o}rg{\"o}tter, F",
title = {Self-influencing synaptic plasticity: recurrent changes of synaptic weights can lead to specific functional properties},
abstract = {Recent experimental results suggest that dendritic and back-propagating spikes can influence synaptic plasticity in different ways (Holthoff, 2004; Holthoff et al., 2005). In this study we investigate how these signals could interact at dendrites in space and time leading to changing plasticity properties at local synapse clusters. Similar to a previous study (Saudargiene et al., 2004) we employ a differential Hebbian learning rule to emulate spike-timing dependent plasticity and investigate how the interaction of dendritic and back-propagating spikes, as the post-synaptic signals, could influence plasticity. Specifically, we will show that local synaptic plasticity driven by spatially confined dendritic spikes can lead to the emergence of synaptic clusters with different properties. If one of these clusters can drive the neuron into spiking, plasticity may change and the now arising global influence of a back-propagating spike can lead to a further segregation of the clusters and possibly the dying-off of some of them leading to more functional specificity. These results suggest that through plasticity being a spatial and temporal local process, the computational properties of dendrites or complete neurons can be substantially augmented.},
journal = "J Comput Neurosci",
year = "2007",
volume = "23",
number = "1",
pages = "113-127",
month = "Aug",
pmid = "17265145",
doi = "10.1007/s10827-007-0021-2"
}


@Article{Porr2007neco,
  author = 	 {Porr, B. and {W\"{o}rg\"{o}tter}, F.},
  title = 	 {Learning with ``Relevance'':
                  Using a third factor to stabilise
                  Hebbian learning},
  journal = 	 {Neural Computation},
  year = 	 {2007},
  OPTkey = 	 {},
  volume = 	 {19},
  OPTnumber = 	 {},
  pages = 	 {2694-2719},
  OPTmonth = 	 {},
  OPTnote = 	 {},
  OPTannote = 	 {}
}


@Article{PorrBio2001,
  author = 	 {Porr, B. and W{\"o}rg{\"o}tter, F.},
  title = 	 {Isotropic Sequence Order Learning using a
                  Novel Linear Algorithm in a Closed Loop Behavioural System},
  journal = 	 {Biosystems},
  year = 	 {2002},
  OPTkey = 	 {},
  volume = 	 {67},
  number = 	 {1--3},
  pages = 	 {195--202},
  OPTmonth = 	 {},
  OPTnote = 	 {},
  OPTannote = 	 {}
}

@Unpublished{Kolodziejski2009,
 author = {Christoph Kolodziejski and Florentin W{\"o}rg{\"o}tter},
 title = {Plasticity of many-synapse systems},
 note = {submitted to Neural Computation},
 year = {2009}
}
