@Article{ Sutton81,
	author = "R.S. Sutton and A.G. Barto",
	title = "Toward a modern theory of adaptive networks: expectation and prediction",
	journal = "Psychol Rev",
	year = "1981",
	OPTkey = "",
	volume = "88",
	number = "2",
	pages = "135--170",
	OPTmonth = "",
	OPTnote = "",
	OPTannote = ""
}

@Book{ Vapnik1998:StatisticalLearningTheory,
	author = "Vladimir N. Vapnik",
	title = "Statistical Learning Theory",
	publisher = "Wiley-Interscience",
	year = "1998"
}

@Book{ Rissanen1989:Complexity,
	title = "Stochastic Complexity in Statistical Inquiry",
	author = "J. Rissanen",
	publisher = "New Jersey: World Scientific Publishing Company",
	year = "1989"
}

@Article{ Kolmogorov1965:InfoDefinition,
	title = "Three approaches to the quantitative definition of information",
	series = "Problems of Information and Transmission",
	author = "A.N. Kolmogorov",
	journal = "Problems of Information and Transmission",
	pages = "1--7",
	edition = "1",
	volume = "1",
	number = "1",
	year = "1965"
}

@Article{ Bialek2001:Complexity,
	title = "Predictability, Complexity, and Learning",
	author = "William Bialek and Ilya Nemenman and Naftali Tishby",
	journal = "Neural Computation",
	pages = "2409--2463",
	volume = "13",
	number = "11",
	month = nov,
	year = "2001"
}

