@Article{ Einhauser02,
	Author = {W. Einh{\"a}user and C. Kayser and P. K{\"o}nig and K. P. K{\"o}rding},
	Title = "{Learning the invariance properties of complex cells from their responses to natural stimuli}",
	Journal = "Eur J Neurosci",
	Year = "2002",
	Volume = "15",
	Number = "3",
	Pages = "475--486",
	Month = "Feb"
}

@Article{ Olshausen96,
	Author = "B. A. Olshausen and D. J. Field",
	Title = "{Emergence of simple-cell receptive field properties by learning a sparse code for natural images}",
	Journal = "Nature",
	Year = "1996",
	Volume = "381",
	Number = "6583",
	Pages = "607--609",
	Month = "Jun"
}

@Article{ Sugita96,
	Author = "Y. Sugita",
	Title = "{Global plasticity in adult visual cortex following reversal of visual input}",
	Journal = "Nature",
	Year = "1996",
	Volume = "380",
	Number = "6574",
	Pages = "523--526",
	Month = "Apr"
}

@Article{ Dragoi03,
	Author = "V. Dragoi and J. Sharma and M. Suri",
	Title = "{Response Plasticity in Primary Visual Cortex and its Role in Vision and Visuomotor Behaviour: Bottom-up and Top-down Influences}",
	Journal = "IETE Journal of Research",
	Year = "2003",
	Volume = "49",
	Number = "2",
	Pages = "123--132",
	Month = "March"
}

@Article{ Wyss06,
	Author = {R. Wyss and P. K{\"o}nig and P. F. Verschure},
	Title = "{A Model of the Ventral Visual System Based on Temporal Stability and Local Memory}",
	Journal = "PLoS Biol.",
	Year = "2006",
	Volume = "4",
	Number = "5",
	Pages = "e120",
	Month = "May"
}

@Article{ McKinstry06,
	Author = "J. L. McKinstry and G. M. Edelman and J. L. Krichmar",
	Title = "{A cerebellar model for predictive motor control tested in a brain-based device}",
	Journal = "Proc Natl Acad Sci U S A",
	Year = "2006",
	Volume = "103",
	Number = "9",
	Pages = "3387--3392",
	Month = "Feb"
}

@Article{ Woergoetter07,
	Author = {F. W{\"o}rg{\"o}tter and C. Kolodziejski and B. Porr},
	Title = "Comparing neuronal approaches for temporal sequence learning",
	Journal = "Natural Computing, in press",
	Year = "2007"
}

@InProceedings{ Piater05,
	author = "S. Jodogne and F. Scalzo and J. H. Piater",
	title = "Task-Driven Learning of Spatial Combinations of Visual Features",
	booktitle = "Proc. of the IEEE Workshop on Learning in Computer Vision and Pattern Recognition",
	address = "San Diego (CA, USA)",
	month = Jun,
	year = 2005,
	publisher = "IEEE",
	url = "http://www.montefiore.ulg.ac.be/\~{}jodogne/papers/JSP05.pdf"
}

@InProceedings{ Agostini04,
	author = "A. Celaya E. Agostini",
	title = "Trajectory tracking control of a rotational joint using feature-based categorization learning",
	booktitle = "Proc. of the IEEE/RSJ International Conference on Intelligent Robots and Systems",
	address = "Sendai, Japan",
	month = Sep,
	year = 2004,
	publisher = "IEEE"
}

@Article{ Walter50,
	Author = "W. G. Walter",
	Title = "An imitation of life",
	Journal = "Scient. Am.",
	Year = "1950",
	Volume = "182",
	Pages = "42--45"
}

@Article{ Webb02,
	Author = "B. Webb",
	Title = "Robots in invertebrate neuroscience",
	Journal = "Nature",
	Year = "2002",
	Volume = "417",
	Pages = "359--363"
}

@InCollection{ vonFoerster60,
	author = "H. von Foerster",
	title = "On Self-Organizing Systems and Their Environments",
	booktitle = "Self-Organizing Systems",
	OPTcrossref = "",
	OPTkey = "",
	pages = "31--50",
	publisher = "Pergamon Press",
	year = "1960",
	editor = "M.C. Yovits and S. Cameron",
	OPTvolume = "",
	OPTnumber = "",
	OPTseries = "",
	OPTtype = "",
	OPTchapter = "",
	address = "London",
	OPTedition = "",
	OPTmonth = "",
	OPTnote = "",
	OPTannote = ""
}

@Book{ McFarland71,
	author = "D. J. McFarland",
	ALTeditor = "",
	title = "Feedback Mechanisms in Animal Behaviour",
	publisher = "Academic Press",
	year = "1971",
	OPTkey = "",
	OPTvolume = "",
	OPTnumber = "",
	OPTseries = "",
	address = "London",
	OPTedition = "",
	OPTmonth = "",
	OPTnote = "",
	OPTannote = ""
}

@InCollection{ Glasersfeld96,
	author = "E. von Glasersfeld",
	title = "Learning and adaptation in constructivism",
	booktitle = "Critical Readings on Piaget",
	OPTcrossref = "",
	OPTkey = "",
	pages = "22--27",
	publisher = "Routledge",
	year = "1996",
	editor = "Leslie Smith",
	OPTvolume = "",
	OPTnumber = "",
	OPTseries = "",
	OPTtype = "",
	OPTchapter = "",
	address = "London and New York",
	OPTedition = "",
	OPTmonth = "",
	OPTnote = "",
	OPTannote = ""
}

@Book{ Bertalanffy73,
	author = "L. Bertalanffy",
	ALTeditor = "",
	title = "General Systems Theory",
	publisher = "Braziller",
	year = "1973",
	OPTkey = "",
	OPTvolume = "",
	OPTnumber = "",
	OPTseries = "",
	address = "New-York",
	OPTedition = "",
	OPTmonth = "",
	OPTnote = "K: f�r Luhmann programmatisch.",
	annote = "Bibl. Sprachwissenschaft (GB 3/41) 10.7 276.1"
}

@Book{ Trappl83,
	OPTauthor = "",
	title = "Cybernetics: Theory and Application",
	publisher = "Springer-Verlag",
	year = "1983",
	OPTcrossref = "",
	OPTkey = "",
	editor = "R. Trappl",
	OPTvolume = "",
	OPTnumber = "",
	OPTseries = "",
	address = "Berlin",
	OPTedition = "",
	OPTmonth = "",
	OPTnote = "",
	OPTannote = ""
}

@Book{ Wiener61,
	author = "N. Wiener",
	title = "Cybernetics --- or control and communication in the animal and the machine",
	publisher = "The M.I.T. Press",
	year = "1961",
	OPTcrossref = "",
	OPTkey = "",
	OPTeditor = "",
	OPTvolume = "",
	OPTnumber = "",
	OPTseries = "",
	address = "Cambridge, Massachusetts",
	edition = "2",
	OPTmonth = "",
	OPTnote = "",
	OPTannote = ""
}

@Article{ Verschure03,
	Author = "P. Verschure and P. Althaus",
	Title = "{A real-world rational agent: unifying old and new AI}",
	Journal = "Cognitive Science",
	Year = "2003",
	Volume = "27",
	Pages = "561--590"
}

@Article{ Kelley1999,
	author = "A. E. Kelley",
	title = "Functional specificity of ventral striatal compartments in appetitive behaviors",
	journal = "Ann N Y Acad Sci",
	year = "1999",
	OPTkey = "",
	volume = "877",
	OPTnumber = "",
	pages = "71--90",
	OPTmonth = "",
	OPTnote = "",
	OPTannote = ""
}

@InProceedings{ Krapp2005,
	author = "H. G. Krapp and S. J. Huston",
	title = "Encoding self-motion: From visual receptive fields to motor neuron response maps",
	OPTcrossref = "",
	OPTkey = "",
	booktitle = {Proceedings of the 6th Meeting of the German Neuroscience Society / 30th G{\"o}ttingen Neurobiology Conference 2005},
	pages = "S16--3",
	year = "2005",
	editor = "Herbert Zimmermann and Kerstin Krieglstein",
	OPTvolume = "",
	OPTnumber = "",
	OPTseries = "",
	address = {G{\"o}ttingen},
	OPTmonth = "",
	OPTorganization = "",
	OPTpublisher = "",
	OPTnote = "",
	OPTannote = ""
}

@Article{ Verschure91,
	author = "P.F. Verschure and A.C.C. Coolen",
	title = "Adaptive Fields: Distributed representations of classically conditioned associations",
	journal = "Network",
	year = "1991",
	OPTkey = "",
	volume = "2",
	OPTnumber = "",
	pages = "189--206",
	OPTmonth = "",
	OPTnote = "",
	OPTannote = ""
}

@InCollection{ Miller96a,
	author = "K. D. Miller",
	title = "Receptive fields and maps in the visual cortex: Models of ocular dominance and orientation columns",
	booktitle = "Models of Neural Networks \mbox{III}",
	OPTcrossref = "",
	OPTkey = "",
	pages = "55--78",
	publisher = "Springer-Verlag",
	year = "1996",
	editor = "E Donnay and J.L. van Hemmen and K. Schulten",
	OPTvolume = "",
	OPTnumber = "",
	OPTseries = "",
	OPTtype = "",
	OPTchapter = "",
	OPTaddress = "",
	OPTedition = "",
	OPTmonth = "",
	OPTnote = "",
	OPTannote = ""
}

@Article{ Arleo00,
	Author = "A. Arleo and W. Gerstner",
	Title = "{Spatial cognition and neuro-mimetic navigation: a model of hippocampal place cell activity}",
	Journal = "Biol Cybern",
	Year = "2000",
	Volume = "83",
	Number = "3",
	Pages = "287--299",
	Month = "Sep"
}

@Article{ Schaal2004,
	author = "Jun Nakanishi and Stefan Schaal",
	title = "Feedback error learning and nonlinear adaptive control",
	journal = "Neural Networks",
	year = "2004",
	OPTkey = "",
	volume = "17",
	OPTnumber = "",
	pages = "1453--1465",
	OPTmonth = "",
	OPTnote = "",
	OPTannote = ""
}

@Book{ Kohonen2001,
	author = "T. Kohonen",
	title = "{S}elf-{O}rganizing {M}aps",
	publisher = "Springer",
	year = "2001",
	OPTcrossref = "",
	OPTkey = "",
	OPTeditor = "",
	OPTvolume = "",
	OPTnumber = "",
	OPTseries = "",
	address = "",
	edition = "Third, extended",
	OPTmonth = "",
	OPTnote = "",
	OPTannote = ""
}

@Article{ Tamosiunaite2009,
	Author = {M. Tamosiunaite and T. Asfour and F. W{\"o}rg{\"o}tter},
	Title = "{{L}earning to reach by reinforcement learning using a receptive field based function approximation approach with continuous actions}",
	Journal = "Biol Cybern",
	Year = "2009",
	Volume = "100",
	Pages = "249--260",
	Month = "Mar"
}

@Article{ KulviciusRFrobot,
	title = "Development of receptive fields in a closed-loop behavioural system",
	journal = "Neurocomputing",
	volume = "70",
	number = "10-12",
	pages = "2046--2049",
	year = "2007",
	note = "Computational Neuroscience: Trends in Research 2007, Computational Neuroscience 2006",
	issn = "0925-2312",
	doi = "DOI: 10.1016/j.neucom.2006.10.132",
	url = "http://www.sciencedirect.com/science/article/B6V10-4MC81MT-1/2/adb511122cc0140642ddf7c6ad86ff2d",
	author = "Tomas Kulvicius and Bernd Porr and Florentin W�rg�tter",
	keywords = "Receptive fields",
	keywords1 = "Temporal sequence learning",
	keywords2 = "Closed loop"
}

@Article{ KulviciusRFinformation,
	author = "Tomas Kulvicius and Christoph Kolodziejski and Minija Tamosiunaite and Bernd Porr and Florentin W\&\#x00f6;rg\&\#x00f6;tter",
	title = "Behavioral analysis of differential hebbian learning in closed-loop systems",
	journal = "Biol. Cybern.",
	volume = "103",
	issue = "4",
	month = "October",
	year = "2010",
	issn = "0340-1200",
	pages = "255--271",
	numpages = "17",
	url = "http://dx.doi.org/10.1007/s00422-010-0396-4",
	doi = "http://dx.doi.org/10.1007/s00422-010-0396-4",
	acmid = "1858539",
	publisher = "Springer-Verlag New York, Inc.",
	address = "Secaucus, NJ, USA",
	keywords = "Energy, Entropy, Input/output ratio, Learning and plasticity, Optimal agents, Sensorimotor loop"
}

