@Article{ Kitano1997,
	author = "Shugo Hamahashi {Hiroaki Kitano}",
	title = "The virtual biology laboratories: A new approach of computational biology. ",
	journal = "Proceedings of the Fourth European Conference on Artificial Life",
	year = "1997",
	pages = "274--283"
}

@proceedings{ SwarmIntelligence,
	author = {G. Beni and J.Wang},
	title = {Swarm Intelligence in Cellular Robotic Systems},
	journal = {In NATO Advanced Workshop on Robotics and Biological Systems},
	year = {1989},
	month={June},
	pages={26-30},
	key={1}
}

@Article{ IntroMultiAgent1,
	author = "M. Wooldrige.",
	title = "An Introduction to MultiAgent Systems.",
	journal = "Proceed. NATO Advanced Workshop on Robots and Biological Systems",
	year = "2002",
	publisher = "John Wiley\&Sons",
	pages = "243--266"
}

@Article{ IntroMultiAgent2,
	author = "Robert H. Guttman and Alexandros G. Moukas and Pattie Maes",
	title = "Agents as mediators in electronic commerce",
	journal = "In Intelligent Information Agents",
	year = "1999",
	publisher = "Springer Verlag ",
	pages = "131--152"
}

@Book{ Maturana1980,
	author = "Francisco J. Varela and Humberto R. Maturana",
	title = "Autopoiesis and Cognition: The Realization of the Living",
	publisher = "D. Reidel Publishing Company",
	year = "1980",
	pages = "274--283",
	volume = "42"
}

@InProceedings{ klyubin04,
	author = "Alexander S. Klyubin and Daniel Polani and Chrystopher L. Nehaniv",
	title = "Organization of the Information Flow in the Perception-Action Loop of Evolved Agents",
	booktitle = "Proceedings of 2004 NASA/DoD Conference on Evolvable Hardware",
	publisher = "IEEE Computer Society",
	pages = "177--180",
	year = 2004
}

@Article{ Touchette2004,
	author = "Hugo Touchette and Seth Lloyd",
	title = "Information-theoretic approach to the study of control systems",
	journal = "Physica A",
	year = "2004",
	OPTkey = "",
	volume = "331",
	OPTnumber = "",
	pages = "140--172",
	OPTmonth = "",
	OPTnote = "",
	OPTannote = ""
}

@InProceedings{ Bakker2002,
	author = {Bram Bakker and Fredrik Lin{\aa}ker and J{\"u}rgen Schmidhuber},
	title = "Reinforcement Learning in Partially Observable Mobile Robot Domains Using Unsupervised Event Extraction",
	booktitle = "Proceedings of the 2002 IEEE/RSJ International Conference on Intelligent Robots and Systems ",
	OPTcrossref = "",
	OPTkey = "",
	OPTpages = "",
	year = "2002",
	OPTeditor = "",
	OPTvolume = "",
	OPTnumber = "",
	OPTseries = "",
	address = "Lausanne",
	OPTmonth = "",
	OPTorganization = "",
	OPTpublisher = "",
	OPTnote = "",
	OPTannote = ""
}

@Article{ Thrun1995,
	author = "Sebastian Thrun",
	title = "An approach to learning mobile robot navigation",
	journal = "Robotics and Autonomous systems",
	year = "1995",
	OPTkey = "",
	volume = "15",
	OPTnumber = "",
	pages = "301--319",
	OPTmonth = "",
	OPTnote = "",
	OPTannote = ""
}

@InProceedings{ Scheier96,
	author = "Christian Scheier and Dimitrios Lambrinos",
	title = "Categorization in a real-world agent using haptic exploration and active perception",
	booktitle = "SAB96 From Animals to Animats, Cape Cod, MA, September 9-13",
	OPTcrossref = "",
	OPTkey = "",
	pages = "65--74",
	year = "1996",
	editor = "P. Maes and M. Mataric and J.-A. Meyer and J. Pollack and S. Wilson",
	OPTvolume = "",
	OPTnumber = "",
	OPTseries = "",
	address = "Cambridge, MA",
	OPTmonth = "September 9--13",
	OPTorganization = "International Conference on Simulation of Adaptive Behaviour",
	publisher = "MIT-press",
	OPTnote = "categorisation by active vision, including the robot's own actions in the process, child uses active/haptic perception",
	OPTannote = ""
}

@Article{ Verschure2003,
	author = "Paul F. M. J. Verschure and Thomas Voegtlin and Rodney J. Douglas",
	title = "Environmentally mediated synergy between perception and behaviour in mobile robots",
	journal = "Nature",
	year = "2003",
	OPTkey = "",
	volume = "425",
	OPTnumber = "",
	pages = "620--624",
	OPTmonth = "",
	OPTnote = "",
	OPTannote = ""
}

@Article{ Ziemke2001reality,
	author = "Tom Ziemke",
	title = "The Construction of 'Reality' in the Robot",
	journal = "Foundations of Science",
	year = "2001",
	OPTkey = "",
	volume = "6",
	number = "1",
	pages = "163--233",
	OPTmonth = "",
	OPTnote = "",
	OPTannote = ""
}

@Article{ Brooks91,
	author = "Rodney A. Brooks",
	title = "Intelligence without representation",
	journal = "Artificial Intelligence",
	year = "1991",
	OPTkey = "",
	volume = "47",
	OPTnumber = "",
	pages = "139--159",
	OPTmonth = "",
	OPTnote = "",
	OPTannote = ""
}

@Article{ Bulinaria2003,
	author = "John A. Bulinaria",
	title = "From biological models to the evolution of robot control systems",
	journal = "Phil. Trans. R. Soc. Lond. A",
	year = "2003",
	OPTkey = "",
	volume = "361",
	OPTnumber = "",
	pages = "2079--2421",
	OPTmonth = "",
	OPTnote = "",
	OPTannote = ""
}

@Article{ Damper2000,
	author = "R. I. Damper and R. L. B. French and T. W. Scutt",
	title = "{ARBIB}: An autonomous robot based on inspiration from biology",
	journal = "Robotics and Autonomous Systems",
	year = "2000",
	OPTkey = "",
	volume = "31",
	number = "4",
	pages = "247--274",
	OPTmonth = "",
	OPTnote = "",
	OPTannote = ""
}

@InProceedings{ Ekdahl2000,
	author = "Bertil Ekdahl",
	title = "Agents as Anticipatory Systems",
	booktitle = "4th World Multiconference on Systemic, Cybernetics and Informatics (SCI 2000) and 6th International Conference on Information Systems Analysis and Synthesis (ISAS 2000)",
	OPTcrossref = "",
	OPTkey = "",
	pages = "133--137",
	year = "2000",
	OPTeditor = "",
	volume = "2",
	OPTnumber = "",
	OPTseries = "",
	address = "Orlando, FL",
	OPTmonth = "July 23--26",
	OPTorganization = "",
	OPTpublisher = "",
	OPTnote = "",
	OPTannote = ""
}

@InProceedings{ Touzet2001,
	author = "Claude Touzet and Juan F. Santos",
	title = "Q-learning and Robotics",
	booktitle = "IJCNN'99, European Simulation Symposium",
	OPTcrossref = "",
	OPTkey = "",
	OPTpages = "",
	year = "2001",
	OPTeditor = "",
	OPTvolume = "",
	OPTnumber = "",
	OPTseries = "",
	address = "Marseille",
	month = "October",
	OPTorganization = "",
	OPTpublisher = "",
	OPTnote = "",
	OPTannote = ""
}

@Article{ Santos99,
	author = "Juan Miguel Santos and Claude Touzet",
	title = "Exploration tuned reinforcement function",
	journal = "Neurocomputing",
	year = "1999",
	OPTkey = "",
	volume = "28",
	OPTnumber = "",
	pages = "93--105",
	OPTmonth = "",
	OPTnote = "problems with RL",
	OPTannote = ""
}

@Article{ Hawkins1984,
	author = "R. D. Hawkins and E. R. Kandel",
	title = "Is there a cell biological alphabet for simple forms of learning?",
	journal = "Psychological Review",
	year = "1984",
	OPTkey = "",
	volume = "91",
	number = "3",
	pages = "375--391",
	OPTmonth = "",
	OPTnote = "",
	OPTannote = ""
}

@InProceedings{ Weng2002,
	author = "Juyang Weng",
	title = "A Theory for Mentally Developing Robots",
	booktitle = "2nd International Conference on Development and Learning",
	OPTcrossref = "",
	OPTkey = "",
	OPTpages = "",
	year = "2002",
	OPTeditor = "",
	OPTvolume = "",
	OPTnumber = "",
	OPTseries = "",
	address = "Cambridge, MA",
	OPTmonth = "June 12 - 15",
	organization = "IEEE Computer Society",
	OPTpublisher = "",
	OPTnote = "",
	OPTannote = ""
}

@InProceedings{ Polani2001,
	author = "Daniel Polani and J. T. Kim and T. Martinetz",
	title = "An Information-Theoretic Approach for the Quantification of Relevance",
	booktitle = "Advances in Artificial Life",
	OPTcrossref = "",
	OPTkey = "",
	OPTpages = "",
	year = "2001",
	editor = "J. Kelemen and P. Sosik",
	OPTvolume = "",
	OPTnumber = "",
	OPTseries = "LNCS",
	OPTaddress = "Prague",
	OPTmonth = "September 10-14",
	organization = "Springer",
	OPTpublisher = "",
	OPTnote = "",
	OPTannote = ""
}

@Article{ Pfeifer1998,
	author = "R. Pfeifer and C. Scheier",
	title = "Representation in natural and artificial agents: A perspective from embodied cognitive science",
	journal = {Zeitschrift f{\"u}r Naturforschung},
	year = "1998",
	OPTkey = "",
	volume = "53c",
	OPTnumber = "",
	pages = "480--503",
	OPTmonth = "",
	OPTnote = "",
	OPTannote = ""
}

@Book{ Piaget30,
	author = "Jean Piaget",
	ALTeditor = "",
	title = "The child's conception of physical causility",
	publisher = "Routledge and Kegan Paul",
	year = "1930",
	OPTkey = "",
	OPTvolume = "",
	OPTnumber = "",
	OPTseries = "",
	OPTaddress = "",
	OPTedition = "",
	OPTmonth = "",
	OPTnote = "",
	OPTannote = ""
}

@InCollection{ Dennett84,
	author = "Daniel C. Dennett",
	title = "Cognitive Wheels: The Frame Problem of AI",
	booktitle = "Minds, machines, and evolution",
	OPTcrossref = "",
	OPTkey = "",
	pages = "129--151",
	publisher = "Cambridge University Press",
	year = "1984",
	editor = "C. Hookway",
	OPTvolume = "",
	OPTnumber = "",
	OPTseries = "",
	OPTtype = "",
	OPTchapter = "",
	address = "Cambridge",
	OPTedition = "",
	OPTmonth = "",
	OPTnote = "",
	OPTannote = ""
}

@Book{ Pfeifer1999,
	author = "Rolf Pfeifer and Christian Scheier",
	ALTeditor = "",
	title = "Understanding Intelligence",
	publisher = "MIT Press",
	year = "1999",
	OPTkey = "",
	OPTvolume = "",
	OPTnumber = "",
	OPTseries = "",
	address = "Cambridge, MA",
	OPTedition = "",
	OPTmonth = "",
	OPTnote = "",
	OPTannote = ""
}

@InCollection{ Rapoport95,
	author = "Anatol Rapoport",
	title = "The Vitalists' last Stand",
	booktitle = "Android Epistemology",
	OPTcrossref = "",
	OPTkey = "",
	pages = "41--47",
	publisher = "AAAI Press",
	year = "1995",
	editor = "Kenneth M. Ford and Clark Glymour and Patrick J. Hayes",
	OPTvolume = "",
	OPTnumber = "",
	OPTseries = "",
	OPTtype = "",
	OPTchapter = "",
	address = "Menlo Park, Calif.",
	OPTedition = "",
	OPTmonth = "",
	OPTnote = "",
	OPTannote = ""
}

@InProceedings{ Damper2001,
	author = "R.I. Damper",
	title = "Thought Experiments can be Harmful",
	booktitle = "Conference on Model-Based Reasoning (MBR'01) May 17--19",
	OPTcrossref = "",
	OPTkey = "",
	OPTpages = "",
	year = "2001",
	OPTeditor = "",
	OPTvolume = "",
	OPTnumber = "",
	OPTseries = "",
	address = "Pavia, Italy",
	OPTmonth = "",
	OPTorganization = "",
	OPTpublisher = "",
	OPTnote = "",
	OPTannote = ""
}

@Article{ Turing1950,
	author = "Alan M. Turing",
	title = "Computing machinery and intelligence",
	journal = "Mind",
	year = "1950",
	OPTkey = "",
	volume = "59",
	OPTnumber = "",
	pages = "433--460",
	OPTmonth = "",
	OPTnote = "",
	OPTannote = ""
}

@InProceedings{ Pfeifer2000,
	author = "Rolf Pfeifer",
	title = "On the role of embodiment in the emergence of cognition and emotion",
	booktitle = "Affective minds. Proc. of the 13th Toyota Conference",
	OPTcrossref = "",
	OPTkey = "",
	pages = "43--57",
	year = "2000",
	editor = "G. Hatano and N. Okada and H. Tanabe",
	OPTvolume = "",
	OPTnumber = "",
	OPTseries = "",
	address = "Amsterdam",
	OPTmonth = "",
	OPTorganization = "",
	publisher = "Elsevier",
	OPTnote = "embodiment as the art of finding the environmental transfer-functions",
	OPTannote = ""
}

@Book{ Walter53,
	author = "W. Grey Walter",
	ALTeditor = "",
	title = "The Living Brain",
	publisher = "G. Duckworth",
	year = "1953",
	OPTkey = "",
	OPTvolume = "",
	OPTnumber = "",
	OPTseries = "",
	address = "London",
	OPTedition = "",
	OPTmonth = "",
	OPTnote = "",
	OPTannote = ""
}

@InProceedings{ Der2002,
	author = "Ralf Der and Ren{\'e} Liebscher",
	title = "True autonomy from self-organised adaptivity",
	booktitle = "WGW'02. EPSRC/BBSRC International Workshop. Biologically Inspired Robotics --- The Legacy of W. Grey Walter",
	OPTcrossref = "",
	OPTkey = "",
	pages = "134--141",
	year = "2002",
	editor = "R.I. Damper and D. Cliff",
	OPTvolume = "",
	OPTnumber = "",
	OPTseries = "",
	address = "HP Bristol Labs, UK",
	OPTmonth = "",
	organization = "Hewlett Packard",
	OPTpublisher = "",
	OPTnote = "Keeping the sensor-values predictable",
	OPTannote = ""
}

@InProceedings{ Ziemke2001,
	author = "Tom Ziemke",
	title = "Are Robots Embodied?",
	booktitle = "First international workshop on epigenetic robotics Modeling Cognitive Development in Robotic Systems",
	OPTcrossref = "",
	OPTkey = "",
	OPTpages = "",
	year = "2001",
	OPTeditor = "",
	volume = "85",
	OPTnumber = "",
	OPTseries = "Lund Univerity Cognitive Studies",
	address = "Lund",
	OPTmonth = "",
	OPTorganization = "",
	OPTpublisher = "",
	OPTnote = "",
	OPTannote = ""
}

@Article{ Webb1995,
	author = "Barbara Webb",
	title = "Using robots to model animals: a cricket test",
	journal = "Robotics and Autonomous Systems",
	year = "1995",
	OPTkey = "",
	volume = "16",
	OPTnumber = "",
	pages = "117--134",
	OPTmonth = "",
	OPTnote = "",
	OPTannote = ""
}

@InProceedings{ Quick99,
	author = "Tom Quick and Kerstin Dautenhahn",
	title = "Making embodiment measurable",
	booktitle = {Proceesings of the 4th Fachtagung der Gesellschaft f{\"u}r Kognitionswissenschaft},
	OPTcrossref = "",
	OPTkey = "",
	OPTpages = "",
	year = "1999",
	OPTeditor = "",
	OPTvolume = "",
	OPTnumber = "",
	OPTseries = "",
	address = "Bielefeld, Germany",
	OPTmonth = "",
	OPTorganization = "",
	OPTpublisher = "",
	OPTnote = "Selfreference as embodiment",
	OPTannote = ""
}

@InProceedings{ Riegler92,
	author = "Alexander Riegler",
	title = "Constructivist Artificial Life, and Beyond",
	booktitle = "Proc. of the Workshop 'Autopoiesis and Perception'",
	OPTcrossref = "",
	OPTkey = "",
	OPTpages = "",
	year = "1992",
	editor = "B. McMullin",
	OPTvolume = "",
	OPTnumber = "",
	OPTseries = "",
	address = "Dublin City Univ",
	month = "Aug. 25-26",
	OPTorganization = "",
	OPTpublisher = "",
	OPTnote = "",
	OPTannote = ""
}

@Article{ Sharkey97,
	author = "Noel E. Sharkey and Tom Ziemke",
	title = "The new wave in robot learnin",
	journal = "Robotics and Autonomous Systems",
	year = "1997",
	OPTkey = "",
	volume = "22",
	number = "3-4",
	OPTpages = "",
	OPTmonth = "",
	OPTnote = "",
	OPTannote = ""
}

@Book{ Rachlin76,
	author = "Howard Rachlin",
	ALTeditor = "",
	title = "Behaviour and Learning",
	publisher = "Freeman and Company",
	year = "1976",
	OPTkey = "",
	OPTvolume = "",
	OPTnumber = "",
	OPTseries = "",
	address = "San Francisco",
	OPTedition = "",
	OPTmonth = "",
	OPTnote = "",
	OPTannote = ""
}

@Book{ Descartes52,
	author = "Ren{\'e} Descartes",
	ALTeditor = "",
	title = "Descartes' philosphical writings",
	publisher = "Macmilan",
	year = "1952",
	OPTkey = "",
	OPTvolume = "",
	OPTnumber = "",
	OPTseries = "",
	address = "London",
	OPTedition = "",
	OPTmonth = "",
	note = "1596--1650",
	OPTannote = ""
}

@Book{ Meysel1991,
	author = "A. Meysel",
	ALTeditor = "",
	title = "Mobile Robots",
	publisher = "Wold Scientific",
	year = "1991",
	OPTkey = "",
	OPTvolume = "",
	OPTnumber = "",
	OPTseries = "",
	address = "Singapore",
	OPTedition = "",
	OPTmonth = "",
	OPTnote = "",
	OPTannote = ""
}

@InProceedings{ Ekdahl2001,
	author = "Bertil Ekdahl",
	title = "How Autonomous is an autonomous Agent?",
	booktitle = "5th World Multiconference on Systemics, Cybernetics and Informatics (SCI 2001) and the 7th International Conference on Information, Systems Analysis, and Synthesis (ISAS 2001)",
	OPTcrossref = "",
	OPTkey = "",
	pages = "130--135",
	year = "2001",
	OPTeditor = "",
	volume = "IX",
	OPTnumber = "",
	OPTseries = "",
	address = "Orlando",
	month = "July 22--25",
	OPTorganization = "",
	OPTpublisher = "",
	OPTnote = "",
	OPTannote = ""
}

@Article{ Brooks2001,
	author = "Rodney A. Brooks",
	title = "The relationship Between Matter and Life",
	journal = "Nature",
	year = "2001",
	OPTkey = "",
	volume = "409",
	OPTnumber = "",
	pages = "pp. 409--411",
	OPTmonth = "January 18",
	OPTnote = "",
	OPTannote = ""
}

@Article{ roboTrain96,
	author = "P. Pal and A. Kar",
	title = "Mobile robot navigation using a neural network",
	journal = "Proc IEEE intern. conf. robotics and automat.",
	year = "1996",
	OPTkey = "",
	OPTvolume = "",
	OPTnumber = "",
	pages = "1503--1508",
	OPTmonth = "",
	OPTnote = "",
	OPTannote = ""
}

@Book{ Segre1988,
	author = "Alberto Maria Segre",
	ALTeditor = "",
	title = "Machine learning of Robot Assembly Plans",
	publisher = "Kluwer Academic Publ.",
	year = "1988",
	OPTkey = "",
	OPTvolume = "",
	OPTnumber = "",
	OPTseries = "",
	address = "Boston",
	OPTedition = "",
	OPTmonth = "",
	OPTnote = "",
	OPTannote = ""
}

@InCollection{ Brooks97,
	author = "Rodney A. Brooks",
	title = "Intelligence without representation",
	booktitle = "Mind Design II",
	OPTcrossref = "",
	OPTkey = "",
	pages = "395--420",
	publisher = "MIT-press",
	year = "1997",
	editor = "Haugeland John",
	OPTvolume = "",
	OPTnumber = "",
	OPTseries = "",
	OPTtype = "",
	chapter = "15",
	address = "Cambridge, Mass.",
	OPTedition = "",
	OPTmonth = "",
	OPTnote = "",
	OPTannote = ""
}

@Article{ Searle80,
	author = "John R Searle",
	title = "Minds, Brains and Programs",
	journal = "The Behavioral and Brain Sciences",
	year = "1980",
	OPTkey = "",
	volume = "3",
	OPTnumber = "",
	pages = "417--424",
	OPTmonth = "",
	OPTnote = "Chinese Room",
	OPTannote = ""
}

@Article{ Young2000,
	author = "H. Kim Young and Frank L. Lewis",
	title = "Optimal Design of \mbox{CMAC} Neural-Network Controller for Robot Manipulators",
	journal = "IEEE trans on Systems",
	year = "2000",
	OPTkey = "",
	volume = "30",
	number = "1",
	pages = "22--31",
	OPTmonth = "",
	OPTnote = "",
	OPTannote = ""
}

@Book{ Ellis1969,
	author = "Willis D. Ellis",
	ALTeditor = "",
	title = "A Source Book of Gestalt Psychology",
	publisher = "Routledge and Kegan",
	year = "1969",
	OPTkey = "",
	OPTvolume = "",
	OPTnumber = "",
	OPTseries = "",
	address = "London",
	OPTedition = "",
	OPTmonth = "",
	OPTnote = "",
	OPTannote = ""
}

@Book{ Koehler1969,
	author = "Wolfgang K�hler",
	ALTeditor = "",
	title = "The task of Gestalt-Psychology",
	publisher = "Univ. Press",
	year = "1969",
	OPTkey = "",
	OPTvolume = "",
	OPTnumber = "",
	OPTseries = "",
	address = "Princeton",
	OPTedition = "",
	OPTmonth = "",
	OPTnote = "",
	OPTannote = ""
}

@Article{ Fayman1999,
	author = "Jeffrey Fayman and Paolo Pirjanian and Henrik I. Christensen",
	title = "Exploiting Process Integration and Composition in Context of Active Vision",
	journal = "IEEE trans on systems, man and cybernetics --- part C: applications and reviews",
	year = "1999",
	OPTkey = "",
	volume = "29",
	number = "1",
	pages = "73--85",
	OPTmonth = "",
	OPTnote = "",
	OPTannote = ""
}

@Article{ Haag1999,
	author = "M. Haag and H.-H. Nagel",
	title = "Combination of Edge Element and Optical Flow Estimates for 3D-Model-Based Vehicle Tracking in Traffic Image Sequences ",
	journal = "International Journal of Computer Vision",
	year = "1999",
	OPTkey = "",
	volume = "35",
	number = "3",
	pages = "295--319",
	OPTmonth = "",
	OPTnote = "",
	OPTannote = ""
}

@InProceedings{ Brooks1997,
	author = "L.M. Lorigo and R.A. Brooks and W.E.L. Grimson",
	title = "Visually-Guided Obstacle Avoidance in Unstructured Environments",
	booktitle = "Proceedings of IROS '97",
	OPTcrossref = "",
	OPTkey = "",
	pages = "373--379",
	year = "1997",
	OPTeditor = "",
	OPTvolume = "",
	OPTnumber = "",
	OPTseries = "",
	address = "Grenoble, France",
	OPTmonth = "",
	OPTorganization = "",
	OPTpublisher = "",
	OPTnote = "",
	OPTannote = ""
}

@InCollection{ Brooks1989,
	author = "Rodney A Brooks",
	title = "How To Build Complete Creatures Rather Than Isolated Cognitive Simulators",
	booktitle = "Architectures for Intelligence",
	pages = "225--239",
	publisher = "Erlbaum",
	year = "1989",
	editor = "K. VanLehn",
	address = "Hillsdale, NJ"
}

@TechReport{ Brooks1989b,
	author = "Rodney A Brooks",
	title = "A Robot That Walks; Emergent Behaviors from a Carefully Evolved Network",
	institution = "MIT AI Lab",
	year = "1989",
	OPTkey = "",
	OPTtype = "",
	number = "1091"
}

@TechReport{ Enki,
	author = "Stephane Magnenat and Markus Waibel",
	title = "Enki - an open source fast 2D robot simulator",
	institution = "EPFL",
	year = "2001",
	OPTurl = "http://teem.epfl.ch"
}

@article{Lin92:memoryapproaches, 
title={Memory Approaches to Reinforcement Learning in Non-Markovian Domains}, 
volume={8}, 
url={http://citeseerx.ist.psu.edu/viewdoc/summary?doi=10.1.1.52.319}, 
number={CMU-CS-92-138}, journal={Artificial Intelligence}, 
publisher={Carnegie Mellon}, 
author={Lin, Long-Ji and Mitchell, Tom M}, 
year={1992}, 
pages={293--321}
}

@inbook{ BartoSutton1983:Qtable,
 author = {Barto, Andrew G. and Sutton, Richard S. and Anderson, Charles W.},
 title = {Neuronlike adaptive elements that can solve difficult learning control problems},
 book = {Artificial neural networks},
 year = {1990},
 isbn = {0-8186-2015-3},
 pages = {81--93},
 numpages = {13},
 url = {http://dl.acm.org/citation.cfm?id=104134.104143},
 acmid = {104143},
 publisher = {IEEE Press},
 address = {Piscataway, NJ, USA},

}

