Created by Kbib version 0.6.5
\#Last modified: Sat May 21 22:17:34 2011

@Book{ Glasersfeld1995,
	author = "E. von Glasersfeld",
	title = "Radical Constructivism. A way of knowing and learning",
	publisher = "Falmer Press",
	year = "1995",
	address = "London"
}

@InCollection{ vonFoerster60,
	author = "Heinz Foerster",
	title = "On Self-Organizing Systems and Their Environments",
	booktitle = "Self-Organizing Systems",
	pages = "31--50",
	publisher = "Pergamon Press",
	year = "1960",
	editor = "M.C. Yovits and S. Cameron",
	address = "London"
}

@Book{ Schmidt94,
	title = "Der Diskurs des radikalen Konstruktivismus",
	publisher = "Suhrkamp",
	year = "1987",
	editor = "Siegfried J. Schmidt",
	address = "Frankfurt a.M."
}

@Book{ Mele97,
	title = "The Philosophy of Action",
	publisher = "Oxford University Press",
	year = "1997",
	editor = "Alfred R. Mele",
	address = "Oxford"
}

@InBook{ Grant2002,
	author = "Colin B. Grant",
	title = "Functions and Fictions of Communication",
	chapter = "3 Fictions of Dialogue",
	publisher = "Peter Lang",
	year = "2002",
	address = "Oxford",
	pages = "45--89"
}

@Book{ Sommerhoff90,
	author = "Gerd Sommerhoff",
	title = "Life, Brain, Consciousness",
	publisher = "Elsevier",
	year = "1990",
	address = "North-Holland, Amsterdam",
	note = "K: Zeitreihenvorhersage als Paradigma des Nervensystems."
}

@Book{ Anderson89,
	author = "David Anderson",
	title = "Artificial Intelligence and intelligent systems: The implications",
	publisher = "Ellis Horwood LTD",
	year = "1989",
	address = "Chichester, England"
}

@Book{ Maturana80,
	author = "Humberto Maturana and Francisco J. Varela",
	title = "Autopoiesis and cognition: the realization of the living",
	publisher = "Reidel",
	year = "1980",
	address = "Dordrecht"
}

@Book{ Ford95,
	title = "Android Epistemology",
	publisher = "MIT-Press",
	year = "1995",
	editor = "Kenneth M. Ford and Patrick J. Hayes",
	address = "Cambridge"
}

@Book{ Piaget71,
	author = "Jean Piaget",
	title = "Biology and Knowledge",
	publisher = "Edinburgh University Press",
	year = "1971",
	address = "Edinburgh"
}

@InCollection{ Glasersfeld96,
	author = "Ernst von Glasersfeld",
	title = "Learning and adaptation in constructivism",
	booktitle = "Critical Readings on Piaget",
	pages = "22--27",
	publisher = "Routledge",
	year = "1996",
	editor = "Leslie Smith",
	address = "London and New York"
}

@Book{ Dorffner91,
	author = "Georg Dorffner",
	title = "Konnektionsmus",
	publisher = "Teubner",
	year = "1991",
	address = "Stuttgart"
}

@Book{ Klir88,
	author = "George J. Klir and Tina A. Folger",
	title = "Fuzzy sets, uncertainty and information",
	publisher = "Prentice-Hall",
	year = "1988",
	address = "Eaglewood Cliffs, NJ",
	note = "K: Er�rtert unterschiedliche Auffassungen von Information, Komplexit�t, Unsicherheit, sehr gut!"
}

@Book{ Balian91,
	author = "Roger Balian",
	title = "From microphysics to macrophysics : methods and applications of statistical physics",
	publisher = "Springer Verlag",
	year = "1991"
}

@Book{ Basar83,
	title = "Synergetics of the Brain",
	publisher = "Springer-Verlag",
	year = "1983",
	editor = "E. Ba\c{s}ar and H. Flohr and A.J. Mandell",
	address = "Berlin"
}

@Book{ Bateson79,
	author = "Gregory Bateson",
	title = "Mind and Nature --- A Necessary Unity",
	publisher = "Wildwood House",
	year = "1979",
	address = "Glasgow"
}

@Book{ Bertalanffy73,
	author = "Ludwig von Bertalanffy",
	title = "General Systems Theory",
	publisher = "Braziller",
	year = "1973",
	address = "New-York",
	annote = "Bibl. Sprachwissenschaft (GB 3/41) 10.7 276.1"
}

@Book{ Boltzmann1896I,
	author = "Ludwig Boltzmann",
	title = {Vorlesungen {\"u}ber Gastheorie, I.~Theil},
	publisher = "Verlag von Johann Ambrosius Barth (Arthur Meiner)",
	year = "1896",
	address = "Leipzig"
}

@Book{ Boltzmann1896II,
	author = "Ludwig Boltzmann",
	title = {Vorlesungen {\"u}ber Gastheorie, II.~Theil},
	publisher = "Verlag von Johann Ambrosius Barth (Arthur Meiner)",
	year = "1896",
	address = "Leipzig"
}

@Book{ Brown69,
	author = "G. {Spencer Brown}",
	title = "Laws of Form",
	publisher = "George Allen und Unwin",
	year = "1969",
	optaddress = "London"
}

@Book{ Fuch92,
	author = "Peter Fuchs",
	title = {Niklas Luhmann -- beobachtet: eine Einf{\"u}hrung in die Systemtheorie},
	publisher = "Westdeutscher Verlag",
	year = "1992",
	optaddress = "Opladen"
}

@Book{ Haken92,
	author = "Hermann Haken",
	title = {Erfolgsgeheimnisse der Wahnehmung: Synergetik als Schl{\"u}ssel zum Gehirn},
	publisher = "Deutsche Verlags-Anstalt",
	year = "1992",
	address = "Stuttgart"
}

@Book{ Haken95,
	author = "Hermann Haken",
	title = "Entstehung von Biologischer Information und Ordnung",
	publisher = "Wissenschaftliche Buchgesellschaft",
	year = "1995",
	address = "Darmstadt"
}

@Book{ Hebb67,
	author = "Donald O. Hebb",
	title = "The organization of behavior",
	publisher = "Science Ed.",
	year = "1967",
	address = "New York"
}

@Book{ Husserl92,
	author = "Edmund Husserl",
	title = {Grundprobleme der Ph{\"a}nomenologie : 1910/11; Text nach Husserliana, Bd. XIII},
	publisher = "Meiner",
	year = "1992"
}

@Book{ Kriz97,
	author = {J{\"u}rgen Kriz},
	title = {Systemtheorie: eine Einf{\"u}hrung f{\"u}r Psychotherapeuten, Psychologen und Mediziner},
	publisher = "Facultas-Univ.-Verl.",
	year = "1997",
	address = "Wien"
}

@Book{ Lenz95,
	author = "Anita Lenz and Stefan Meretz",
	title = {Neuronale Netze und Subjektivit{\"a}t},
	publisher = "Vieweg",
	year = "1995",
	address = "Braunschweig/Wiesbaden",
	note = "UB Bochum, WWB32092"
}

@Book{ Luhmann90,
	author = "Niklas Luhmann and Humberto Maturana and Mikio Namiki and Volker Redder and Francisco Varela",
	title = "Beobachter",
	publisher = "Wilhelm Fink Verlag",
	year = "1990"
}

@Book{ Luhmann92,
	author = "Niklas Luhmann",
	title = "Die Wissenschaft der Gesellschaft",
	publisher = "Suhrkamp",
	year = "1992",
	optaddress = "Frankfurt am Main"
}

@Book{ Luhmann94,
	author = "Niklas Luhmann",
	title = "Soziale Systeme",
	publisher = "Suhrkamp",
	year = "1984",
	address = "Frankfurt am Main"
}

@Book{ Luhmann96,
	author = "Niklas Luhmann",
	title = {Die Realit{\"a}t der Massenmedien},
	publisher = "Westdeutscher Verlag",
	year = "1996",
	address = "Opladen"
}

@Book{ Luhmann95,
	author = "Niklas Luhmann",
	title = "Social Systems",
	publisher = "Stanford University Press",
	year = "1995",
	address = "Stanford, California"
}
@Book{ Luhmann87,
	author = "Niklas Luhmann",
	title = "Soziale Systeme",
	publisher = "Suhrkamp",
	year = "1987",
	address = "Frankfurt am Main"
}

@Book{ Luhmann96Kunst,
	author = "Niklas Luhmann",
	title = "Die Kunst der Gesellschaft",
	publisher = "Suhrkamp",
	year = "1996",
	address = "Frankfurt am Main"
}

@Book{ Maturana91,
	author = "Humberto R. Maturana",
	title = "Der Baum der Erkenntnis: die biologischen Wurzeln des menschlichen Erkennens",
	publisher = "Goldmann",
	year = "1991",
	address = {M{\"u}nchen}
}

@InCollection{ Merten94,
	author = "Siegfried J. Schmidt",
	title = "Konstruktivismus in der Medienforschung: Konzepte, Kritiken, Konsequenzen",
	booktitle = "Die Wirklichkeit der Medien",
	pages = "592--619",
	publisher = "Westdeutscher Verlag",
	year = "1994",
	editor = "Klaus Merten and J.~Siegfried Schmidt and Siegfried Weischenberg",
	address = "Opladen"
}

@Book{ Mingers95,
	author = "John Mingers",
	title = "Self-Producing Systems",
	publisher = "Plenum Press",
	year = "1995",
	address = "New York"
}

@Book{ Parsons51,
	author = "Talcott Parsons",
	title = "The Social System",
	publisher = "Routledge \& Kegan Paul Ltd",
	year = "1951",
	address = "London and Henley"
}

@Book{ Parsons77,
	author = "Talcott Parsons",
	title = "Social systems and the evolution of action theory",
	publisher = "The Free Press",
	year = "1977",
	address = "New York"
}

@Book{ Prigogine82,
	author = "Ilya Prigogine",
	title = "Vom Sein zum Werden",
	publisher = "Piper",
	year = "1982",
	address = {M{\"u}nchen}
}

@Book{ Ronneberger92,
	author = "Franz Ronneberger",
	title = "Theorie der Public Relations",
	publisher = "Westdeutscher Verlag",
	year = "1992",
	address = "Opladen"
}

@Book{ Shannon76,
	author = "Claude E. Shannon and Warren Weaver",
	title = "The mathematical theory of communication",
	publisher = "University of Illinois Press",
	year = "1949",
	address = "Urbana"
}

@Book{ Trappl83,
	title = "Cybernetics: Theory and Application",
	publisher = "Springer-Verlag",
	year = "1983",
	editor = "Robert Trappl",
	address = "Berlin"
}

@Book{ VonFoerster85,
	author = "Heinz Foerster",
	title = "Sicht und Einsicht: Versuche zu einer operativen Erkenntnistheorie",
	publisher = "Vieweg",
	year = "1985",
	address = "Braunschweig"
}

@Book{ Watzlawick90,
	author = "Paul Watzlawick",
	title = {Menschliche Kommunikation: Formen, St{\"o}rungen, Paradoxien},
	publisher = "Huber",
	year = "1990",
	address = "Bern",
	edition = "8"
}

@Book{ Weberruss93,
	author = "Volker Achim Weberru{\ss}",
	title = "Universality in Statistical Physics and Synergetics",
	publisher = "Vieweg",
	year = "1993",
	address = "Braunschweig/Wiesbaden"
}

@InCollection{ Weizsaecker74info1,
	author = "Ernst von Weizs�cker",
	title = "Offene Systeme",
	booktitle = "Offene Systeme I: Beitr�ge zur Zeitstruktur von Information, Entropie und Evolution",
	publisher = "Klett",
	year = "1974",
	editor = "Ernst von Weizs�cker",
	address = "Stuttgart",
	optannote = "Bibl. Philosophie (GA 3/41) M.1974.(62)"
}

@InCollection{ Boehme74,
	author = "Gernot B�hme",
	title = "Information und Verst�ndigung",
	booktitle = "Offene Systeme I: Beitr�ge zur Zeitstruktur von Information, Entropie und Evolution",
	publisher = "Klett",
	year = "1974",
	editor = "Ernst von Weizs�cker",
	address = "Stuttgart",
	optannote = "Bibl. Philosophie (GA 3/41) M.1974.(62)"
}

@Book{ Wicken87,
	author = "{Jef\-frey} S. {Wick\-en}",
	title = "Evolution, Thermodynamics and Information",
	publisher = "Oxford University Press",
	year = "1987",
	address = "New York"
}

@Book{ Wiener61,
	author = "Norbert Wiener",
	title = "Cybernetics --- or control and communication in the animal and the machine",
	publisher = "The M.I.T. Press",
	year = "1961",
	address = "Cambridge, Massachusetts",
	edition = "2"
}

@Book{ Winer71,
	author = "Norbert Wiener",
	title = {Kybernetik: Regelung und Nachrichten{\"u}bertragung in Lebewesen und Maschine},
	publisher = "Rowohlt",
	year = "1971",
	address = "Reinbek bei Hamburg"
}

@Book{ Wittgenstein69,
	author = "Ludwig Wittgenstein",
	title = "Tractatus logico-philosophicus --- Tageb�cher 1914 -- 1916 --- Philosophische Untersuchungen",
	publisher = "Suhrkamp Verlag",
	year = "1969",
	address = "Frankfurt am Main"
}

@Article{ Yockey81,
	author = "H.P. Yockey",
	title = "Self Organisation Origin of Life Scenarios and Information Theory",
	journal = "J. of Theoretical Biology",
	year = "1981",
	volume = "67",
	pages = "377--398"
}

@Article{ Luhmann2000,
	author = "Niklas Luhmann",
	title = "Organisation und Entscheidung",
	journal = "Opladen: Westdeutscher Verlag",
	year = 2000
}

@Article{ Luhmann1993,
	author = "Niklas Luhmann",
	title = {Soziologische Aufkl{\"a}rung 3: Soziales System, Gesellschaft, Organisation},
	journal = "Opladen: Westdeutscher Verlag",
	year = 1993
}

