@Article{Froemke05,
  author =       {Froemke, R. C. and Poo, M-m. and Dan, Y.},
  title =        {Spike-timing-dependent synaptic plasticity depends on dendritic location},
  journal =      {Nature},
  year =         {2005},
  OPTkey =       {},
  volume =       {434},
  number =       {},
  pages =        {221--225},
  OPTmonth =     {},
  OPTnote =      {},
  OPTannote =    {}
}

@Article{Froemke03,
  author =       {Froemke, R. C. and Dan, Y.},
  title =        {A dendritic gradient for the temporal window of spike-timing dependent plasticity in the  visual cortex.},
  journal =      {Soc. Neurosci. Abstr.},
  year =         {2003},
  OPTkey =       {},
  volume =       {33},
  number =       {},
  pages =        {123.5},
  OPTmonth =     {},
  OPTnote =      {},
  OPTannote =    {}
}

@Article{Rubin04,
  author =   {Rubin, J. E. and Gerkin, R. C. and Bi, G. Q. and Chow C. C.},
  title =    {Calcium time course as a signal for spike-timing dependent plasticity},
  journal =      {J. Neurophysiol.},
  year =     {2005},
  OPTkey =   {},
  volume =   {},
  number =   {},
  pages =    {0--0},
  month =    {Epub qahead of print, Dec. 2004},
  OPTnote =      {},
  OPTannote =    {}
}

@Article{Shon04,
  author =   {Shon, A. P. and Rao, R. P. and Sejnowski, T. J.},
  title =    {Motion detection and prediction through spike-timing dependent plasticity},
  journal =      {Network},
  year =     {2004},
  OPTkey =   {},
  volume =   {13},
  number =   {3},
  pages =    {179--198},
  OPTmonth =     {},
  OPTnote =      {},
  OPTannote =    {}
}

@Article{Wang05,
  author =   {Wang, H.-X. and Gerkin R. C. and Nauen, D. W. and Bi, G.-Q.},
  title =    {Coactivation and timing-dependent integration of synaptic potentiation and depression},
  journal =      {Nature Neurosci.},
  year =     {2005},
  OPTkey =   {},
  volume =   {8},
  OPTnumber =    {},
  pages =    {187--193},
  OPTmonth =     {},
  OPTnote =      {},
  OPTannote =    {}
}

@Article{Holthoff04,
  author =       {Holthoff, K. and Kovalchuk, Y. and Yuste, R. and Konnerth, A.},
  title =    {Single-shock \mbox{LTD} by local dendritic spikes in pyramidal neurons of mouse visual cortex},
  journal =      {J. Physiol.},
  year =     {2004},
  OPTkey =   {},
  volume =   {560.1},
  OPTnumber =    {},
  pages =    {27--36},
  OPTmonth =     {},
  OPTnote =      {},
  OPTannote =    {}
}


@Article{Shouval05,
  author =   {Shouval, H. Z. and Kalantziz, G.},
  title =    {Stochastic properties of synaptic transmission affect
 the shape of spike time-dependent plasticity curves},
  journal =      {J. Neurophysiol.},
  year =     {2005},
  OPTkey =   {},
  volume =   {93},
  OPTnumber =    {},
  pages =    {1069--1073},
  month =    {Epub 2004, Sept. 22},
  OPTnote =      {},
  OPTannote =    {}
}


@Article{Yeung04,
  author =   {Yeung, L. C. and Shouval, H. Z. and Blais, B. S. and
Cooper, L. N.},
  title =    {Synaptic homeostasis and input selectivity follow from
a calcium-dependent plasticity model},
  journal =      {Proc. Natl. Acad. Sci.},
  year =     {2004},
  OPTkey =   {},
  volume =   {101},
  OPTnumber =    {},
  pages =    {14943--14948},
  month =    {Epub 2004, Oct.},
  OPTnote =      {},
  OPTannote =    {}
}



@Article{Bailey00,
   Author="Bailey, C. H. and Giustetto, M. and Huang, Y. Y. and Hawkins, R. D.
 and Kandel, E. R.",
   Title="{Is heterosynaptic modulation essential for stabilizing
Hebbian plasticity and memory?}",
   Journal="Nat Rev Neurosci",
   Year="2000",
   Volume="1",
   Number="1",
   Pages="11--20",
   Month="Oct"
}

@Article{Kelley04,
  author =       {Kelley, Ann E.},
  title =        {Ventral striatal control of appetitive motivation:
                  role in ingestive behaviour and reward-related
                  learning},
  journal =      {Neuroscience and Biobehavioural Reviews},
  year =         {2004},
  OPTkey =       {},
  volume =       {27},
  OPTnumber =    {},
  pages =        {765--776},
  OPTmonth =     {},
  OPTnote =      {},
  OPTannote =    {}
}

@Article{Mehta02,
   Author="Mehta, M R and Lee, A K and Wilson, M A",
   Title="{Role of experience and oscillations in transforming a rate code into a temporal code}",
   Journal="Nature",
   Year="2002",
   Volume="417",
   Number="6890",
   Pages="741-746",
   Month="Jun"
}

@Article{Kitano03,
Author="Kitano, K and Okamoto, H and Fukai, T",
Title="{Time representing cortical activities: two models inspired by
prefrontal persistent activity}",
Journal="Biol Cybern",
Year="2003",
Volume="88",
Number="5",
Pages="387-394",
Month="May"
}


@Article{Abarbanel03,
   Author="Abarbanel, H. D. I. and Gibb, L. and Huerta, R. and Rabinovich, M. I.",
   Title="{Biophysical model of synaptic plasticity dynamics}",
   Journal="Biol Cybern",
   Year="2003",
   Volume="89",
   Number="3",
   Pages="214-226",
   Month="Sep"
}

@Article{Sato03,
  author =   {Sato, N. and Yamaguchi, Y.},
  title =    {Memory encoding by theta phase precession in the
hippocampal network},
  journal =   {Neural Computation},
  year =     2003,
  volume =   15,
  pages =    {2379-2397},
  file =     {}
}

@Article{Dayan02b,
   Author="Dayan, P. and Balleine, B. W.",
   Title="{Reward, motivation, and reinforcement learning}",
   Journal="Neuron",
   Year="2002",
   Volume="36",
   Number="2",
   Pages="285-298",
   Month="Oct"
}

@Article{Zink03,
   Author="Zink, C. F. and Pagnoni, G. and Martin, M. E. and Dhamala, M. and Berns, G. S.",
   Title="{Human striatal response to salient nonrewarding stimuli}",
   Journal="J Neurosci",
   Year="2003",
   Volume="23",
   Number="22",
   Pages="8092-8097",
   Month="Sep",
   Note="Clinical Trial"
}

@Article{Cannon03,
   Author="Cannon, C. M. and Palmiter, R. D.",
   Title="{Reward without dopamine}",
   Journal="J Neurosci",
   Year="2003",
   Volume="23",
   Number="34",
   Pages="10827-10831",
   Month="Nov"
}

@Article{Melamed04,
   Author="Melamed, O. and Gerstner, W. and Maass, W. and Tsodyks, M. and Markram, H.",
   Title="{Coding and learning of behavioral sequences}",
   Journal="Trends Neurosci",
   Year="2004",
   Volume="27",
   Number="1",
   Pages="11-14",
   Month="Jan"
}

@Article{Hempel00,
  author =       {Hempel, C.  H.  and Hartman, K.  H.  and Wang, X. -J.  and
Turrigano, G.  G.  and Nelson, S.  B. },
  title =        {xxxMultiple Forms of Short-Term Plasticity at Excitatory
Synapses in Rat Medial Prefrontal Cortex},
  journal =      {J.  Neurophysiol. },
  year =         {2000},
  OPTkey =       {},
  volume =       {},
  OPTnumber =    {},
  pages =        {3031-3041},
  OPTmonth =     {},
  OPTnote =      {},
  OPTannote =    {a00318}
}

@Article{Mehta04,
  author =       {Mehta, M. R.},
  title =        {Cooperative LTP can map memory sequences on dendritic branches},
  journal =      {TINS},
  year =         {2004},
  OPTkey =       {},
  volume =       {27},
  OPTnumber =    {},
  pages =        {69-72},
  OPTmonth =     {},
  OPTnote =      {},
  OPTannote =    {a00318}
}

@Article{Berridge98b,
  author =       {Berridge, K. C. and Robinson, T. E.},
  title =        {What is the role of dopamine in reward: hedonic impact, reward learning or incentive salience},
  journal =      {Brain Res. Rev.},
  year =         {1998},
  OPTkey =       {},
  volume =       {28},
  OPTnumber =    {},
  pages =        {309--369},
  OPTmonth =     {},
  OPTnote =      {},
  OPTannote =    {a00318}
}

@Article{Markram96,
  author =       {Markram, H.  and Tsodyks, M. },
  title =        {Redistribution of synaptic efficacy between neocortical
pyramidal neurons},
  journal =      {Nature},
  year =         {1996},
  OPTkey =       {},
  volume =       {382},
  OPTnumber =    {},
  pages =        {807-810},
  OPTmonth =     {},
  OPTnote =      {},
  OPTannote =    {a00319}
}

@Article{Giugliano99 ,
  author =       {Giugliano, M.  and Bove, M.  and Grattarola M. },
  title =        {Fast Calculation of Short-Term Depressing Synaptic
Conductances},
  journal =      {Neural Comp. },
  year =         {1999},
  OPTkey =       {},
  volume =       {11},
  OPTnumber =    {},
  pages =        {1413-1426},
  OPTmonth =     {},
  OPTnote =      {},
  OPTannote =    {a00320}
}

@Article{Fortune01 ,
  author =       {Fortune, E.  S.  and Rose, G.  J. },
  title =        {Short-term synaptic plasticity as a temporal filter},
  journal =      {Trends Neurosci. },
  year =         {2001},
  OPTkey =       {},
  volume =       {24},
  OPTnumber =    {},
  pages =        {381-385},
  OPTmonth =     {},
  OPTnote =      {},
  OPTannote =    {a00321}
}

@Article{Carandini02,
  author =       {Carandini, M.  and Heeger, D.  J.  and Senn, W. },
  title =        {xxxA Synaptic Explanation of Suppression in Visual
Cortex},
  journal =      {J. Neurosci. },
  year =         {2002},
  OPTkey =       {},
  OPTvolume =    {},
  number =       {22},
  pages =        {10053-10065},
  OPTmonth =     {},
  OPTnote =      {a00158},
  OPTannote =    {}
}

@Article{Yamakura99,
  author =       {Yamakura, T.  and Shimoji, K. },
  title =        {xxxSubunit- and site-specific Pharmacology of the
\mbox{NMDA}
Receptor channel},
  journal =      {Prog.  Neurobiol. },
  year =         {1999},
  OPTkey =       {},
  volume =       {59},
  OPTnumber =    {},
  pages =        {279-298},
  OPTmonth =     {},
  OPTnote =      {a00057},
  OPTannote =    {}
}

@Article{Martinez96,
  author =       {Martinez, J.  L.  and Derrick, B.  E. },
  title =        {Long-term Potentiation and Learning},
  journal =      {Annu.  Rev.  Psychol. },
  year =         {1996},
  OPTkey =       {},
  volume =       {47},
  OPTnumber =    {},
  pages =        {173-203},
  OPTmonth =     {},
  OPTnote =      {a00051},
  OPTannote =    {}
}

@Article{Guo-qiang98,
  author =       {Guo-qiang, B.  and Mu-ming, P. },
  title =        {xxxSynaptic Modifications in Cultured Hippocampal
Neurons: \mbox{Dependence} on Spike Timing, Synaptic Strength, and
Postsynaptic Cell
Type},
  journal =      {J.  Neurosci. },
  year =         {1998},
  OPTkey =       {},
  volume =       {18},
  number =       {24},
  pages =        {10464-10472},
  month =        {December15},
  OPTnote =      {a00157},
  OPTannote =    {},
}

@Article{Perett01,
  author =       {Perett, S.  P.  and Dudek, S.  M.  and Eagleman,D.  and
Montague,P.  R.  and Friedlander,M.  J. },
  title =        {xxx\mbox{LTP} Induction in Adult Visual Cortex:
\mbox{Role} of Stimulus
Timing and Inhibition},
  journal =      {J.  Neurosci. },
  year =         {2001},
  OPTkey =       {},
  volume =       {21},
  number =       {7},
  pages =        {2308-2319},
  month =        {April 1},
  OPTnote =      {a00156},
  OPTannote =    {}
}

@Article{Mehta00a,
  author =       {Mehta, M.  R.  and Wilson, M.  A. },
  title =        {xxxFrom hippocampus to \mbox{V1}: \mbox{Effect} of
\mbox{LTP} on spatio-temporal
dynamics of receptive fields},
  journal =      {Neurocomputing},
  year =         {2000},
  OPTkey =       {},
  volume =       {32-33},
  OPTnumber =    {},
  pages =        {905-911},
  OPTmonth =     {},
  OPTnote =      {a00155},
  OPTannote =    {}
}

@Article{Mainen96,
  author =       {Mainen, Z.  F.  and Sejnowski, T.  J. },
  title =        {xxxInfluence of dendritic structure on firing pattern in
model neocortical neurons},
  journal =      {Nature},
  year =         {1996},
  OPTkey =       {},
  volume =       {382},
  OPTnumber =    {},
  pages =        {363-366},
  OPTmonth =     {},
  OPTnote =      {a00154},
  OPTannote =    {}
}

@Article{Kistler99,
  author =       {Kistler, W.  M.  and van Hemmen, L.  J. },
  title =        {xxxShort-Term Synaptic Plasticity and Network Behavior},
  journal =      {Neural Comp. },
  year =         {1999},
  OPTkey =       {},
  volume =       {11},
  OPTnumber =    {},
  pages =        {1579-1594},
  OPTmonth =     {},
  OPTnote =      {a00139},
  OPTannote =    {}
}

@Article{Chen99,
  author =       {Chen, N.  and Luo, T.  and Raymond, L.  A. },
  title =        {xxxSubtype-Dependence of \mbox{NMDA} Receptor Channel Open
Probability},
  journal =      {J.  Neurosci. },
  year =         {1999},
  OPTkey =       {},
  volume =       {19},
  number =       {16},
  pages =        {6844-6854},
  month =        {August 15},
  OPTnote =      {a00153},
  OPTannote =    {}
}

@Article{Gerstner00,
  author =       {Gerstner, W. },
  title =        {xxxPopulation Dynamics of Spiking Neurons: \mbox{Fast}
Transients,
Asynchronous States and Locking},
  journal =      {Neural Comp. },
  year =         {2000},
  OPTkey =       {},
  volume =       {12},
  OPTnumber =    {},
  pages =        {43-89},
  OPTmonth =     {},
  OPTnote =      {a00140},
  OPTannote =    {}
}

@Article{Leibold01a,
  author =       {Leibold, C.  and van Hemmen, J.  L. },
  title =        {Temporal Receptive Fields, Spikes, and \mbox{Hebbian}
Delay
Selection},
  journal =      {Neural Networks},
  year =         {2001},
  OPTkey =       {},
  volume =       {14},
  number =       {6-7},
  pages =        {805-813},
  OPTmonth =     {},
  OPTnote =      {a00021},
  OPTannote =    {}
}

@Article{Mehta01,
  author =       {Mehta, M.  R. },
  title =        {xxxNeuronal Dynamics of Predictive Coding},
  journal =      {The Neuroscientist},
  year =         {2001},
  OPTkey =       {},
  volume =       {7},
  number =       {6},
  pages =        {490-495},
  OPTmonth =     {},
  OPTnote =      {a00040},
  OPTannote =    {}
}

@Article{Mehta00b,
  author =       {Mehta, M.  R.  and Quirk, M.  C.  and Wilson, M.  A. },
  title =        {xxxExperience-Dependent Asymmetric Shape of Hippocampal
Receptive Fields},
  journal =      {Neuron},
  year =         {2000},
  OPTkey =       {},
  volume =       {25},
  OPTnumber =    {},
  pages =        {707-715},
  month =        {March},
  OPTnote =      {a00039},
  OPTannote =    {}
}

@Article{Roth01,
  author =       {Roth, A.  and H{\"a}usser, M. },
  title =        {xxxCompartmental models of rat cerebellar \mbox{Purkinje}
cells
based on simultaneous somatic and dendritic patch-clamp recordings},
  journal =      {J.  Physiol.  (Lond. )},
  year =         {2001},
  OPTkey =       {},
  volume =       {535},
  number =       {2},
  pages =        {445-472},
  OPTmonth =     {},
  OPTnote =      {a00152},
  OPTannote =    {}
}

@Article{Gottmann97,
  author =       {Gottmann, K.  and Mehrle, A.  and Gisselmann, G.  and Hatt,
H. },
  title =        {xxxPresynaptic Control of Subunit Composition of
\mbox{NMDA}
Receptors Mediating Synaptic Plasticity},
  journal =      {J.  Neurosci. },
  year =         {1997},
  OPTkey =       {},
  volume =       {17},
  number =       {8},
  pages =        {2766-2774},
  month =        {April 15},
  OPTnote =      {a00151},
  OPTannote =    {}
}

@Article{Krupp98,
  author =       {Krupp, J.  J.  and Vissel, B.  and Heinemann, S.  F.  and
Westbrook, G.  L. },
  title =        {xxx\mbox{N-terminal} domains in the \mbox{NR2} subunit
control
desensitization of \mbox{NMDA} receptors},
  journal =      {Neuron},
  year =         {1998},
  OPTkey =       {},
  volume =       {20},
  number =       {2},
  pages =        {317-27},
  month =        {Feb},
  OPTnote =      {a00165},
  OPTannote =    {}
}

@Article{Bennett01,
  author =       {Bennett, M.  R.  and Hacker, P.  M.  S.  },
  title =        {xxxPerception and memory in Neuroscience: a conceptual
analysis},
  journal =      {Prog.  Neurobiol. },
  year =         {2001},
  OPTkey =       {},
  volume =       {65},
  OPTnumber =    {},
  pages =        {499-543},
  OPTmonth =     {},
  OPTnote =      {a00056},
  OPTannote =    {}
}

@Article{Lester92,
  author =       {Lester, R.  A.  J.  and Jahr, C.  E. },
  title =        {xxx\mbox{NMDA} Channel Behavior Depends on Agonist
Affinity},
  journal =      {J.  Neurosci. },
  year =         {1992},
  OPTkey =       {},
  volume =       {12},
  number =       {2},
  pages =        {635-643},
  month =        {February},
  OPTnote =      {a00150},
  OPTannote =    {}
}

@Article{Vetter01,
  author =       {Vetter, P.  and Roth, A.  and H{\"a}usser, M. },
  title =        {xxxPropagation of Action Potentials in Dendrites Depends
on
Dendritic Morphology},
  journal =      {J.  Neurophsiol. },
  year =         {2001},
  OPTkey =       {},
  volume =       {85},
  OPTnumber =    {},
  pages =        {926-937},
  OPTmonth =     {},
  OPTnote =      {a00159},
  OPTannote =    {}
}

@Article{Roberts99b,
  author =       {Roberts, E.  B.  and Ramoa, A.  S. },
  title =        {Enhanced \mbox{NR2A} Subunit Expression and Decreased
\mbox{NMDA}
Receptor Decay Time at the Onset of Ocular Dominance Plasticity in the
Ferret},
  journal =      {J.  Neurophysiol. },
  year =         {1999},
  OPTkey =       {},
  volume =       {81},
  OPTnumber =    {},
  pages =        {2587-2591},
  OPTmonth =     {},
  OPTnote =      {a00148},
  OPTannote =    {}
}

@Article{Malenka99,
  author =       {Malenka, R.  C.  and Nicoll, R.  A. },
  title =        {Long-Term Potentiation-A Decade of Progress?},
  journal =      {Science},
  year =         {1999},
  OPTkey =       {},
  volume =       {285},
  OPTnumber =    {},
  pages =        {1870-1874},
  OPTmonth =     {},
  OPTnote =      {a00046},
  OPTannote =    {}
}
@Article{Singer95,
  author =       {Singer, W.  and Gray, C. },
  title =        {Visual feature integration and the temporal correlation
hypothesis},
  journal =      {Annu.  Rev.  Neurosci. },
  year =         {1995},
  OPTkey =       {},
  volume =       {18},
  OPTnumber =    {},
  pages =        {555-586},
  OPTmonth =     {},
  OPTnote =      {},
  OPTannote =    {}
}
@Article{Senn00,
  author =       {Senn, W.  and Markram, H.  and Tsodyks, M. },
  title =        {An Algorithm for Modifying Neurotransmitter Release
Probability Based on Pre-and Postsynaptic Spike Timing},
  journal =      {Neural Comp. },
  year =         {2000},
  OPTkey =       {},
  volume =       {13},
  OPTnumber=      {},
  pages =        {35-67},
  OPTmonth =     {},
  OPTnote =      {a00008},
  OPTannote =    {}
}
@Article{Stuerzl00,
  author =       {St{\"u}rzl, W.  and Kempter, R.  and van Hemmen, J.  L. },
  title =        {xxxTheory of Arachnid Prey Localization},
  journal =      {Phys.  Rev.  Lett. },
  year =         {2000},
  OPTkey =       {},
  volume =       {84},
  number =       {24},
  pages =        {5668-5671},
  OPTmonth =     {},
  OPTnote =      {a00142},
  OPTannote =    {}
}
@Article{Hemmen01a,
  author =       {van Hemmen, J.  L. },
  title =        {xxxDie Karte im Kopf},
  journal =      {Physikalische Bl{\"a}tter},
  year =         {2001},
  OPTkey =       {},
  volume =       {57},
  number =       {2},
  pages =        {37-42},
  OPTmonth =     {},
  OPTnote =      {a00143},
  OPTannote =    {}
}
@Article{Waelti01,
  author =       {Waelti, P.  and Dickinson, A.  and Schultz, W. },
  title =        {Dopamine responses comply with basic assumptions of formal
learning theory},
  journal =      {Nature},
  year =         {2001},
  OPTkey =       {},
  volume =       {412},
  OPTnumber =    {},
  pages =        {43-48},
  month =        {July},
  OPTnote =      {a00099},
  OPTannote =    {}
}
@Article{Castellani01,
  author =       {Castellani, G.  C.  and Quinlan, E.  M.  and Cooper, L.  N.  and
Shouval, H.  Z. },
  title =        {A biophysical model of bidirectional synaptic plasticity:
Dependence on \mbox{AMPA} and \mbox{NMDA} receptors},
  journal =      {Proc.  Natl.  Acad.  Sci.  (USA)},
  year =         {2001},
  OPTkey =       {},
  volume =       {98},
  number =       {22},
  pages =        {12772-12777},
  month =        {October 23},
  OPTnote =      {a00007},
  OPTannote =    {}
}

@Article{Kempter01a,
  author =       {Kempter, R.  and Leibold, C.  and Wagner, H.  and van Hemmen,
J.  L. },
  title =        {Formation of temporal-feature maps by axonal propagation
of synaptic learning},
  journal =      {Proc.  Natl.  Acad.  Sci.  (USA)},
  year =         {2001},
  OPTkey =       {},
  volume =       {98},
  number =       {7},
  pages =        {4166-4171},
  month =        {March 27},
  OPTnote =      {a00033},
  OPTannote =    {}
}
@Article{Leibold01b,
  author =       {Leibold, C.  and Kempter, R.  and van Hemmen, J.  L. },
  title =        {Temporal Map Formation in the Barn Owl's Brain},
  journal =      {Phys.  Rev.  Lett. },
  year =         {2001},
  OPTkey =       {},
  volume =       {87},
  number =       {24},
  pages =        {248101-1-248101-4},
  month =        {December},
  OPTnote =      {a00032},
  OPTannote =    {}
}
@Article{Gerstner02,
  author =       {Gerstner, W.  and Kistler, W.  M. },
  title =        {Mathematical formulations of Hebbian learning},
  journal =      {Biol.  Cybern. },
  year =         {2002},
  OPTkey =       {},
  volume =       {87},
  OPTnumber =    {},
  pages =        {404-415},
  OPTmonth =     {},
  OPTnote =      {a00010},
  OPTannote =    {}
}
@Article{Senn03,
  author =       {Senn, W.  and Buchs, N.  J. },
  title =        {Spike-based synaptic plasticity and the emergence of
direction selective simple cells: mathematical analysis},
  journal =      {J.  Comput.  Neurosci. },
  year =         {2003},
  OPTkey =       {},
  volume =       {14},
  OPTnumber =    {},
  pages =        {119-138},
  OPTmonth =     {},
  OPTnote =      {a00035},
  OPTannote =    {}
}
@Article{Buchs02,
  author =       {Buchs, N.  J.  and Senn, W. },
  title =        {Spike-based synaptic plasticity and the emergence of
direction selective simple cells: \mbox{Simultation} results},
  journal =      {J.  Comput. Neurosci. },
  year =         {2002},
  OPTkey =       {},
  volume =       {13},
  OPTnumber =    {},
  pages =        {167-186},
  OPTmonth =     {},
  OPTnote =      {a00034},
  OPTannote =    {}
}
@Article{Song01,
  author =       {Song, S.  and Abbott, L.  F. },
  title =        {Cortical development and remapping through Spike
Timing-Dependent
Plasticity},
  journal =      {Neuron},
  year =         {2001},
  OPTkey =       {},
  volume =       {32},
  OPTnumber =    {},
  pages =        {1-20},
  month =        {October},
  OPTnote =      {a00030},
  OPTannote =    {}
}
@Article{Sjoestroem01,
  author =       {Sj{\"o}str{\"o}m, P.  J.  and Turrigiano, G.  G.  and Nelson,
S.  B. },
  title =        {Rate, Timing, and Cooperativity Jointly Determine Cortical
Synaptic Plasticity},
  journal =      {Neuron},
  year =         {2001},
  OPTkey =       {},
  volume =       {32},
  OPTnumber =    {},
  pages =        {1149-1164},
  month =        {December},
  OPTnote =      {a00160},
  OPTannote =    {}
}
@Article{Kepecs02,
  author =       {Kepecs, A.  and van Rossum, M.  C.  W.  and Song, S.  and
Tegner,
J. },
  title =        {xxxSpike-timing-dependent plasticity: common themes and
divergent vistas},
  journal =      {Biol.  Cybern. },
  year =         {2002},
  OPTkey =       {},
  volume =       {87},
  OPTnumber =    {},
  pages =        {446-458},
  OPTmonth =     {},
  OPTnote =      {a00031},
  OPTannote =    {}
}
@Article{Fusi02,
  author =       {Fusi, S. },
  title =        {Hebbian spike-driven synaptic plasticity for learning
patterns of mean firing rates},
  journal =      {Biol.  Cybern. },
  year =         {2002},
  OPTkey =       {},
  volume =       {87},
  OPTnumber =    {},
  pages =        {459-470},
  OPTmonth =     {},
  OPTnote =      {a00029},
  OPTannote =    {}
}
@Article{senn02,
  author =       {Senn, W. },
  title =        {xxxBeyond spike timing: the role of nonlinear plasticity
and
unreliable synapses},
  journal =      {Biol.  Cybern. },
  year =         {2002},
  OPTkey =       {},
  volume =       {87},
  OPTnumber =    {},
  pages =        {344-355},
  OPTmonth =     {},
  OPTnote =      {a00053},
  OPTannote =    {}
}
@Article{Kempter01b,
  author =       {Kempter, R.  and Gerstner, W.  and van Hemmen J.  L. },
  title =        {Intrinsic Stabilization of Output Rates by Spike-Based
\mbox{Hebbian} Learning},
  journal =      {Neural Comp. },
  year =         {2001},
  OPTkey =       {},
  volume =       {13},
  OPTnumber =    {},
  pages =        {2709-2741},
  OPTmonth =     {},
  OPTnote =      {a00015},
  OPTannote =    {}
}
@Article{Bi02,
  author =       {Bi, G.  Q. },
  title =        {Spatiotemporal specificity of synaptic plasticity:
cellular rules and mechanisms},
  journal =      {Biol.  Cybern. },
  year =         {2002},
  OPTkey =       {},
  volume =       {87},
  OPTnumber =    {},
  pages =        {319-332},
  OPTmonth =     {},
  OPTnote =      {a00011},
  OPTannote =    {}
}
@Article{Roberts02,
  author =       {Roberts, P.  D.  and Bell, C.  C. },
  title =        {Spike timing dependent synaptic plasticity in biological
systems},
  journal =      {Biol.  Cybern. },
  year =         {2002},
  OPTkey =       {},
  volume =       {87},
  OPTnumber =    {},
  pages =        {392-403},
  OPTmonth =     {},
  OPTnote =      {a00009},
  OPTannote =    {}
}
@Article{Abbott96,
  author =       {Abbott, L.  F.  and Blum, K.  I. },
  title =        {Functional significance of Long-term Potentiation for
sequence learning and prediction},
  journal =      {Cereb.  Cortex},
  year =         {1996},
  OPTkey =       {},
  volume =       {6},
  OPTnumber =    {},
  pages =        {406-416},
  OPTmonth =     {},
  OPTnote =      {a00013},
  OPTannote =    {}
}
@Article{Matsumoto02,
  author =       {Matsumoto, N.  and Okada, M. },
  title =        {xxxSelf-Regulation Mechanism of Temporally Asymmetric
\mbox{Hebbian}
Plasticity},
  journal =      {Neural Comp. },
  year =         {2002},
  OPTkey =       {},
  volume =       {14},
  number =       {12},
  pages =        {2883-2902},
  OPTmonth =     {},
  OPTnote =      {a00020},
  OPTannote =    {}
}
@Article{Goldberg02,
  author =       {Goldberg, J.  and Holthoff, K.  and Yuste, R. },
  title =        {A problem with \mbox{Hebb} and local spikes},
  journal =      {Trends Neurosci. },
  year =         {2002},
  OPTkey =       {},
  volume =       {25},
  number =       {9},
  pages =        {433-435},
  month =        {September},
  OPTnote =      {a00044},
  OPTannote =    {}
}
@Article{Linden99,
  author =       {Linden, D.  J. },
  title =        {The Return of the Spike: \mbox{Postsynaptic} Action
Potentials
and the Induction of \mbox{LTP} and \mbox{LTD}},
  journal =      {Neuron},
  year =         {1999},
  OPTkey =       {},
  volume =       {22},
  OPTnumber =    {},
  pages =        {661-666},
  month =        {April},
  OPTnote =      {a00045},
  OPTannote =    {}
}
@Article{Song02,
  author =       {Song, I.  and Huganir, R.  L. },
  title =        {Regulation of \mbox{AMPA} receptors during synaptic
plasticity},
  journal =      {Trends Neurosci. },
  year =         {2002},
  OPTkey =       {},
  volume =       {25},
  number =       {11},
  pages =        {578-588},
  month =        {November},
  OPTnote =      {a00054},
  OPTannote =    {}
}
@Article{Luescher01,
  author =       {L{\"u}scher, C.  and Frerking, M. },
  title =        {Restless \mbox{AMPA} receptors: \mbox{Implications} for
synaptic
transmission and plasticity},
  journal =      {Trends Neurosci. },
  year =         {2001},
  OPTkey =       {},
  volume =       {24},
  number =       {11},
  pages =        {665-670},
  month =        {November},
  OPTnote =      {a00055},
  OPTannote =    {}
}
@Article{Bennett00,
  author =       {Benett, M.  R. },
  title =        {The concept of long term potentiation of transmission at
synapses},
  journal =      {Prog.  Neurobiol. },
  year =         {2000},
  OPTkey =       {},
  volume =       {60},
  OPTnumber =    {},
  pages =        {109-137},
  OPTmonth =     {},
  OPTnote =      {a00052},
  OPTannote =    {}
}

@Article{Karmarkar02a,
  author =       {Karmarkar, U.  R.  and Buonomano, D.  V. },
  title =        {A Model of Spike-Timing Dependent Plasticity: One or Two
Coincidence Detectors?},
  journal =      {J.  Neurophysiol. },
  year =         {2002},
  OPTkey =       {},
  volume =       {88},
  OPTnumber =    {},
  pages =        {507-513},
  OPTmonth =     {},
  OPTnote =      {a00006},
  OPTannote =    {}
}
@Article{Karmarkar02b,
  author =       {Karmarkar, U.  R.  and Najarian, M.  T.  and Buonomano, D.
V. },
  title =        {Mechanisms and significance of spike-timing dependent
plasticity},
  journal =      {Biol.  Cybern. },
  year =         {2002},
  OPTkey =       {},
  volume =       {87},
  OPTnumber =    {},
  pages =        {373-382},
  OPTmonth =     {},
  OPTnote =      {a00005},
  OPTannote =    {}
}
@Article{Shouval02,
  author =       {Shouval, H.  Z.  and Bear, M.  F.  and Cooper, L.  N. },
  title =        {A unified model of \mbox{NMDA} receptor-dependent
bidirectional
synaptic plasticity},
  journal =      {Proc.  Natl.  Acad.  Sci.  (USA)},
  year =         {2002},
  OPTkey =       {},
  volume =       {99},
  number =       {16},
  pages =        {10831-10836},
  OPTmonth =     {August},
  OPTnote =      {a00004},
  OPTannote =    {}
}
@Article{Abarbanel02,
  author =       {Abarbanel, H.  D.  I.  and Huerta, R.  and Rabinovich, M.  I. },
  title =        {Dynamical model of long-term synaptic plasticity},
  journal =      {Proc.  Natl.  Acad.  Sci.  (USA)},
  year =         {2002},
  OPTkey =       {},
  volume =       {99},
  number =       {15},
  pages =        {10132-10137},
  month =        {July},
  OPTnote =      {a00003},
  OPTannote =    {}
}
@Article{Rubin01,
  author =       {Rubin, J.  and Lee, D.  D.  and Sompolinsky, H. },
  title =        {Equilibrium Properties of Temporally Asymmetric
\mbox{Hebbian}
Plasticity},
  journal =      {Phys.  Rev.  Lett. },
  year =         {2001},
  OPTkey =       {},
  volume =       {86},
  number =       {2},
  pages =        {364-367},
  month =        {January},
  OPTnote =      {a00016},
  OPTannote =    {}
}
@Article{Fusi00,
  author =       {Fusi, S.  and Annunziato, M.  and Badoni, D.  and Salamon, A.
and Amit, D.  J. },
  title =        {xxxSpike-Driven Synaptic Plasticity: Theory, Simulation,
\mbox{VLSI}
Implementation},
  journal =      {Neural Comp. },
  year =         {2000},
  OPTkey =       {},
  volume =       {12},
  OPTnumber =    {},
  pages =        {2227-2258},
  OPTmonth =     {},
  OPTnote =      {a00023},
  OPTannote =    {}
}
@Article{Buzsaki98,
  author =       {Buzsaki, G.  and Kandel, A. },
  title =        {xxxSomadendritic Backpropagation of Action Potentials in
Cortical Pyramidal Cells of the Awake Rat},
  journal =      {J.  Neurophysiol. },
  year =         {1998},
  OPTkey =       {},
  volume =       {79},
  OPTnumber =    {},
  pages =        {1587-1591},
  OPTmonth =     {},
  OPTnote =      {a00164},
  OPTannote =    {}
}
@Article{Golding98,
  author =       {Golding, N.  L.  and Spruston, N. },
  title =        {xxxDendritic Sodium Spikes are variable Triggers of Axonal
Action Potentials in Hippocampal \mbox{CA1} Pyramidal Neurons},
  journal =      {Neuron},
  year =         {},
  OPTkey =       {},
  volume =       {21},
  OPTnumber =    {},
  pages =        {1189-1200},
  month =        {November},
  OPTnote =      {a00149},
  OPTannote =    {}
}
@Article{Leibold02,
  author =       {Leibold, C.  and van Hemmen, J.  L. },
  title =        {Mapping time},
  journal =      {Biol.  Cybern. },
  year =         {2002},
  OPTkey =       {},
  volume =       {87},
  OPTnumber =    {},
  pages =        {428-439},
  OPTmonth =     {},
  OPTnote =      {},
  OPTannote =    {}
}
@Article{Rudolph01,
  author =       {Rudolph, M.  and Ho, N.  and Destexhe, A. },
  title =        {xxxSynaptic background activity affects the dynamics of
dendritic integration in model neocortical pyramidal neurons},
  journal =      {Neurocomputing},
  year =         {2001},
  OPTkey =       {},
  volume =       {38-40},
  OPTnumber =    {},
  pages =        {327-333},
  OPTmonth =     {},
  OPTnote =      {a00163},
  OPTannote =    {}
}
@Article{Hauber00,
  author =       {Hauber, W.  and Bohn, I.  and Giertler, C. },
  title =        {\mbox{NMDA}, But Not \mbox{Dopamine D2}, Receptors in
the Rat Nucleus
Accumbens are involved in Guidance of Instrumental Behavior by Stimuli
Predicting Reward Magnitude},
  journal =      {J.  Neurosci. },
  year =         {2000},
  OPTkey =       {},
  volume =       {20},
  number =       {16},
  pages =        {6282-6288},
  month =        {August},
  OPTnote =      {a00162},
  OPTannote =    {}
}
@Article{Kistler02,
  author =       {Kistler, W.  M. },
  title =        {Spike-Timing Dependent Synaptic Plasticity: A
Phenomenological Framework},
  journal =      {Biol.  Cybern. },
  year =         {2002},
  OPTkey =       {},
  volume =       {87},
  OPTnumber =    {},
  pages =        {416-427},
  OPTmonth =     {},
  OPTnote =      {a00018},
  OPTannote =    {}
}
@Article{Tegner02,
  author =       {Tegner, J.  and Compte, A.  and Wang X.  J. },
  title =        {xxxThe dynamical stability of reverberatory neural
circuits},
  journal =      {Biol.  Cybern. },
  year =         {2002},
  OPTkey =       {},
  volume =       {87},
  OPTnumber =    {},
  pages =        {471-481},
  OPTmonth =     {},
  OPTnote =      {},
  OPTannote =    {}
}
@Article{Kilgard02,
  author =       {Kilgard, M.  P.  and Pandya, P.  K.  and Engineer, N.  D.  and
Moucha, R. },
  title =        {xxxCortical network reorganization guided by sensory input
features},
  journal =      {Biol.  Cybern. },
  year =         {2002},
  OPTkey =       {},
  volume =       {87},
  OPTnumber =    {},
  pages =        {333-343},
  OPTmonth =     {},
  OPTnote =      {a00038},
  OPTannote =    {}
}
@Article{Rao01,
  author =       {Rao, R.  P.  N.  and Sejnowski, T.  J. },
  title =        {Spike-Timing-Dependent \mbox{Hebbian} Plasticity as
Temporal Difference Learning},
  journal =      {Neural Comp. },
  year =         {2001},
  OPTkey =       {},
  volume =       {13},
  OPTnumber =    {},
  pages =        {2221-2237},
  OPTmonth =     {},
  OPTnote =      {a00001},
  OPTannote =    {}
}
@Article{Euler01,
  author =       {Euler, T.  and Denk, W. },
  title =        {xxxDendritic processing},
  journal =      {Current Opinion Neurobiol. },
  year =         {2001},
  OPTkey =       {},
  volume =       {11},
  OPTnumber =    {},
  pages =        {415-422},
  OPTmonth =     {},
  OPTnote =      {a00059},
  OPTannote =    {}
}
@Article{Sabatini01,
  author =       {Sabatini, B.  L.  and Maravall, M.   and Svoboda K. },
  title =        {\mbox{Ca$^{2+}$} signaling in dendritic spines},
  journal =      {Current Opinion Neurobiol. },
  year =         {2001},
  OPTkey =       {},
  volume =       {11},
  OPTnumber =    {},
  pages =        {349-356},
  OPTmonth =     {},
  OPTnote =      {a00043},
  OPTannote =    {}
}
@Article{Lever02,
  author =       {Lever, C.  and Burgess, N.  and Cacucci, F.  and Hartley, T.
and O'Keefe, J. },
  title =        {xxxWhat can the hippocampal representation of
environmental
geometry tell us about \mbox{Hebbian} learning?},
  journal =      {Biol.  Cybern. },
  year =         {2002},
  OPTkey =       {},
  volume =       {87},
  OPTnumber =    {},
  pages =        {356-372},
  OPTmonth =     {},
  OPTnote =      {a00037},
  OPTannote =    {}
}
@Article{Nishiyama00,
  author =       {Nishiyama, M.  and Hong, K.  and Mikoshiba, K.  and Poo, M.
and Kato, K. },
  title =        {Calcium release from internal stores regulates polarity
and input specificity
of synaptic modification},
  journal =      {Nature},
  year =         {2000},
  OPTkey =       {},
  volume =       {408},
  OPTnumber =    {},
  pages =        {584-588},
  OPTmonth =     {},
  OPTnote =      {a00161},
  OPTannote =    {}
}
@Article{Paulsen00,
  author =       {Paulsen, O.  and Sejnowski, T.  J. },
  title =        {xxxNatural patterns of activity and long-term synaptic
plasticity},
  journal =      {Current Opinion Neurobiol. },
  year =         {2000},
  OPTkey =       {},
  volume =       {10},
  OPTnumber =    {},
  pages =        {172-179},
  OPTmonth =     {},
  OPTnote =      {a00042},
  OPTannote =    {}
}
@Article{Debanne94,
  author =       {Debanne, D.  and Gahwiler, B.  T.  and Thompson, S.  H. },
  title =        {Asynchronous pre- and postsynaptic activity induces
associative long-term depression in area \mbox{CAI} of the rat hippocampus
in
vitro},
  journal =      {Proc.  Natl.  Acad.  Sci.  (USA)},
  year =         {1994},
  OPTkey =       {},
  volume =       {91},
  OPTnumber =    {},
  pages =        {1148-1152},
  OPTmonth =     {},
  OPTnote =      {},
  OPTannote =    {}
}
@Article{Gustafsson87,
  author =       {Gustafsson, B.  and Wigstrom, H.  and Abraham, W.  C.  and
Huang,
Y-Y. },
  title =        {Long-term potentiation in the hippocampus using
depolarizing current pulses as the conditioning stimulus to single volley
synaptic potentials},
  journal =      {J.  Neurosci. },
  year =         {1987},
  OPTkey =       {},
  volume =       {7},
  OPTnumber =    {},
  pages =        {774-780},
  OPTmonth =     {},
  OPTnote =      {},
  OPTannote =    {}
}
@Article{Schultz00,
  author =       {Schultz, W.  and Dickinson, A. },
  title =        {Neuronal coding of prediction errors},
  journal =      {Annu.  Rev.  Neurosci. },
  year =         {2000},
  OPTkey =       {},
  volume =       {23},
  OPTnumber =    {},
  pages =        {473-500},
  OPTmonth =     {},
  OPTnote =      {},
  OPTannote =    {}
}
@Article{Levy83,
  author =       {Levy, W.  B.  and Steward, O. },
  title =        {Temporal contiguity requirements for long-term associative
potentiation/depression in the hippocampus},
  journal =      {Neurosci. },
  year =         {1983},
  OPTkey =       {},
  volume =       {8},
  OPTnumber =    {},
  pages =        {791-797},
  OPTmonth =     {},
  OPTnote =      {},
  OPTannote =    {}
}
@Article{Pike99,
  author =       {Pike, F.  G.  and Meredith, R.  M.  and Olding, A.  A.  and
Paulsen, O. },
  title =        {Postsynaptic bursting is essential for \mbox{"Hebbian"}
induction
of associative long-term potentiation at excitatory synapses in rat
hippocampus},
  journal =      {J.  Physiol.  (Lond. )},
  year =         {1999},
  OPTkey =       {},
  volume =       {518},
  OPTnumber =    {},
  pages =        {571-576},
  OPTmonth =     {},
  OPTnote =      {},
  OPTannote =    {}
}
@Article{Bliss73a,
  author =       {Bliss, T.  V.  and Gardner-Edwin, A.  R. },
  title =        {Long-lasting potentiation of synaptic transmission in the
dentate area of the unanaesthetized rabbit following stimulation of the
perforant path},
  journal =      {J.  Physiol.  (Lond. )},
  year =         {1973},
  OPTkey =       {},
  volume =       {232},
  OPTnumber =    {},
  pages =        {357-374},
  OPTmonth =     {},
  OPTnote =      {},
  OPTannote =    {}
}
@Article{Bliss70,
  author =       {Bliss, T.  V.  and Lomo, T. },
  title =        {Plasticity in a monosynaptic cortical pathway},
  journal =      {J.  Physiol.  (Lond. )},
  year =         {1970},
  OPTkey =       {},
  volume =       {207},
  OPTnumber =    {},
  pages =        {61P},
  OPTmonth =     {},
  OPTnote =      {},
  OPTannote =    {}
}
@Article{Bliss73b,
  author =       {Bliss, T.  V.  and Lomo, T. },
  title =        {Long-lasting potentiation of synaptic transmission in the
dentate area of the anaesthetized rabbit following stimulation of the
perforant path},
  journal =      {J.  Physiol.  (Lond. )},
  year =         {1973},
  OPTkey =       {},
  volume =       {232},
  OPTnumber =    {},
  pages =        {331-356},
  OPTmonth =     {},
  OPTnote =      {},
  OPTannote =    {}
}
@Article{Debanne98,
  author =       {Debanne, D.  and Gahwiler, B.  and Thompson, S. },
  title =        {Long-term synaptic plasticity between pairs of individual
\mbox{CA3} pyramidal cells in rat hippocampal slice cultures},
  journal =      {J.  Physiol.  (Lond. )},
  year =         {1998},
  OPTkey =       {},
  volume =       {507},
  OPTnumber =    {},
  pages =        {237-247},
  OPTmonth =     {},
  OPTnote =      {a00186},
  OPTannote =    {}
}
@Article{Feldman00,
  author =       {Feldman, D. },
  title =        {Timing-based \mbox{LTP} and \mbox{LTD} at vertical inputs
to layer
\mbox{II/III} pyramidal cells in rat barrel cortex},
  journal =      {Neuron},
  year =         {2000},
  OPTkey =       {},
  volume =       {27},
  OPTnumber =    {},
  pages =        {45-56},
  OPTmonth =     {},
  OPTnote =      {a00189},
  OPTannote =    {}
}
@Article{Roberts99a,
  author =       {Roberts, P.  D. },
  title =        {Computational consequences of temporally asymmetric
learning rules: \mbox{I.
Differential
Hebbian} learning},
  journal =      {J.  Comput.  Neurosci. },
  year =         {1999},
  OPTkey =       {},
  volume =       {7},
  number =       {3},
  pages =        {235-246},
  OPTmonth =     {},
  OPTnote =      {a00173},
  OPTannote =    {}
}

@Article{Sutton81,
  author =       {Sutton, R.  and Barto, A. },
  title =        {Towards a modern theory of adaptive networks:
\mbox{Expectation}
and prediction},
  journal =      {Psychol.  Review},
  year =         {1981},
  OPTkey =       {},
  volume =       {88},
  OPTnumber =    {},
  pages =        {135-170},
  OPTmonth =     {},
  OPTnote =      {},
  OPTannote =    {}
}
@Article{Magee97,
  author =       {Magee, J.  C.  and Johnston, D. },
  title =        {A synaptically controlled, associative signal for
\mbox{Hebbian}
plasticity in hippocampal neurons},
  journal =      {Science},
  year =         {1997},
  OPTkey =       {},
  volume =       {275},
  OPTnumber =    {},
  pages =        {209-213},
  OPTmonth =     {},
  OPTnote =      {a00198},
  OPTannote =    {}
}
@Article{Markram97,
  author =       {Markram, H.  and L{\"u}bke, J.  and Frotscher, M.  and
Sakmann,
B. },
  title =        {Regulation of synaptic efficacy by coincidence of
postsynaptic \mbox{APs and EPSPs}},
  journal =      {Science},
  year =         {1997},
  OPTkey =       {},
  volume =       {275},
  OPTnumber =    {},
  pages =        {213-215},
  OPTmonth =     {},
  OPTnote =      {a00201},
  OPTannote =    {}
}
@Article{Gerstner96,
  author =       {Gerstner, W.  and Kempter, R.  and van Hemmen, J.  L.  and
Wagner, H. },
  title =        {A neuronal learning rule for sub-millisecond temporal
coding},
  journal =      {Nature},
  year =         {1996},
  OPTkey =       {},
  volume =       {383},
  OPTnumber =    {},
  pages =        {76-78},
  OPTmonth =     {},
  OPTnote =      {a00169},
  OPTannote =    {}
}
@Article{Bienenstock82,
  author =       {Bienenstock, E.  and Cooper, L.  and Munro, P. },
  title =        {Theory for the development of neuron
selectivity: \mbox{Orientation} specificity and binocular interaction in
visual
cortex},
  journal =      {J.  Neurosci. },
  year =         {1982},
  OPTkey =       {},
  volume =       {2},
  number =       {1},
  pages =        {32-48},
  OPTmonth =     {},
  OPTnote =      {},
  OPTannote =    {}
}
@Article{Klopf88,
  author =       {Klopf, A.  H. },
  title =        {A neuronal model of classical conditioning},
  journal =      {Psychobiol. },
  year =         {1988},
  OPTkey =       {},
  volume =       {16},
  number =       {2},
  pages =        {85-123},
  OPTmonth =     {},
  OPTnote =      {a00093},
  OPTannote =    {}
}
@Article{Stuart97,
  author =       {Stuart, G.  and Spruston, N.  and Sakmann, B.  and
H{\"a}usser,
M. },
  title =        {Action potential initiation and backpropagation in neurons
of the mammalian central nervous system},
  journal =      {Trends Neurosci. },
  year =         {1997},
  OPTkey =       {},
  volume =       {20},
  OPTnumber =    {},
  pages =        {125-131},
  OPTmonth =     {},

  OPTnote =      {},
  OPTannote =    {}
}
@Article{Koehn98,
  author =       {K{\"o}hn, J.  and W{\"o}rg{\"o}tter, F. },
  title =        {Employing the \mbox{Z-Transform} to Optimize the
Calculation of
the Synaptic Conductance of \mbox{NMDA} and other synaptic channels in
Network
Simulations},
  journal =      {Neural Comp. },
  year =         {1998},
  OPTkey =       {},
  volume =       {10},
  OPTnumber =    {},
  pages =        {1639-1651},
  OPTmonth =     {},
  OPTnote =      {},
  OPTannote =    {}
}
@Article{Porr03b,
  author =       {Porr, B.  and von Ferber, C.  and W\"org\"otter, F. },
  title =        {\mbox{ISO-learning} approximates a solution to the
inverse-controller problem in an unsupervised behavioral paradigm},
  journal =      {Neural Comp. },
  year =         {2003},
  OPTkey =       {},
  volume =       {15},
  OPTnumber =    {},
  pages =        {865-884},
  OPTmonth =     {},
  OPTnote =      {},
  OPTannote =    {}
}
@Article{Bi01,
  author =       {Bi, G-Q.  and Poo, M. },
  title =        {Synaptic modification by correlated activity:
\mbox{Hebb's}
Postulate Revisited},
  journal =      {Annu.  Rev.  Neurosci. },
  year =         {2001},
  OPTkey =       {},
  volume =       {24},
  OPTnumber =    {},
  pages =        {139-166},
  OPTmonth =     {},
  OPTnote =      {a00047},
  OPTannote =    {}
}
@Article{Krukowski01,
  author =       {Krukowski, A.  E.  and Miller, K.  D. },
  title =        {Thalamocortical \mbox{NMDA} Conductances and Intracortical
Inhibition can explain Cortical Temporal Tuning},
  journal =      {Nature Neurosci. },
  year =         {2001},
  OPTkey =       {},
  volume =       {4},
  OPTnumber =    {},
  pages =        {424-430},
  OPTmonth =     {},
  OPTnote =      {a00028},
  OPTannote =    {}
}
@Article{Adini02,
  author =       {Adini, Y.  and Sagi, D.  and Tsodyks, M. },
  title =        {xxxContext enabled learning in the human visual system},
  journal =      {Nature},
  year =         {2002},
  OPTkey =       {},
  volume =       {415},
  OPTnumber =    {},
  pages =        {790-793},
  month =        {February},
  OPTnote =      {a00144},
  OPTannote =    {}
}
@Article{Fuhrmann02,
  author =       {Fuhrmann, G.  and Segev, I.  and Markram, H.  and Tsodyks,
M. },
  title =        {xxxCoding of Temporal Information by Activity Dependent
Synapses},
  journal =      {J.  Neurophysiol. },
  year =         {2002},
  OPTkey =       {},
  volume =       {87},
  OPTnumber =    {},
  pages =        {140-148},
  OPTmonth =     {},
  OPTnote =      {a00145},
  OPTannote =    {}
}
@Article{vanOoyen01,
  author =       {van Ooyen, A. },
  title =        {xxxCompetition in the development of nerve connections: a
review of models},
  journal =      {Network: Comput.  Neural Syst. },
  year =         {2001},
  OPTkey =       {},
  volume =       {12},
  OPTnumber =    {},
  pages =        {R1-R47},
  OPTmonth =     {},
  OPTnote =      {a00146},
  OPTannote =    {}
}
@Article{Song00,
  author =       {Song, S.  and Miller, K.  D.  and Abbott, L.  F. },
  title =        {Competitive \mbox{Hebbian Learning} through
Spike-Timing-Dependent Synaptic Plasticity},
  journal =      {Nature Neurosci. },
  year =         {2000},
  OPTkey =       {},
  volume =       {3},
  OPTnumber =    {},
  pages =        {919-926},
  OPTmonth =     {},
  OPTnote =      {a00017},
  OPTannote =    {}
}
@Article{Larkum01,
  author =       {Larkum, M.  E.  and Zhu, J.  J.  and Sakmann, B. },
  title =        {Dendritic mechanisms underlying the coupling of the
dendritic with the axonal action potential initiation zone of adult rat
layer 5 pyramidal neurons},
  journal =      {J.  Physiol.  (Lond. )},
  year =         {2001},
  OPTkey =       {},
  volume =       {533},
  OPTnumber =    {},
  pages =        {447-466},
  OPTmonth =     {},
  OPTnote =      {},
  OPTannote =    {}
}
@Article{Teyler87,
  author =       {Teyler, T.  J.  and DiScenna, P. },
  title =        {Long-Term Potentiation},
  journal =      {Annu.  Rev.  Neurosci. },
  year =         {1987},
  OPTkey =       {},
  volume =       {10},
  OPTnumber =    {},
  pages =        {131-161},
  OPTmonth =     {},
  OPTnote =      {},
  OPTannote =    {}
}
@Article{Suri01a,
  author =       {Suri, R.  E.  and Schultz, W. },
  title =        {Temporal Difference Model Reproduces Anticipatory
Neural Activity},
  journal =      {Neural Comp. },
  year =         {2001},
  OPTkey =       {},
  volume =       {13},
  number =       {4},
  pages =        {841-62},
  OPTmonth =     {},
  OPTnote =      {a00095},
  OPTannote =    {}
}
@Article{Suri02,
  author =       {Suri, R.  E. },
  title =        {xxx\mbox{TD} Models of Reward Predictive Responses in
\mbox{Dopamine}
Neurons},
  journal =      {Neural Netw. },
  year =         {2002},
  OPTkey =       {},
  volume =       {15},
  number =       {4-6},
  pages =        {523-33},
  month =        {Jun-Jul. },
  OPTnote =      {a00094},
  OPTannote =    {}
}

@Article{Porr02,
  author =       {Porr, Bernd and W{\"o}rg{\"o}tter, F. },
  title =        {Isotropic Sequence Order Learning using a
                  Novel Linear Algorithm in a Closed Loop Behavioural
System},
  journal =      {Biosystems},
  year =         {2002},
  OPTkey =       {},
  volume =       {67},
  number =       {1--3},
  pages =        {195--202},
  OPTmonth =     {},
  OPTnote =      {},
  OPTannote =    {}
}

@Article{Abbott00,
  author =       {Abbott, L.  F.  and Nelson, S.  B. },
  title =        {Synaptic Plasticity: Taming the beast},
  journal =      {Nature Neurosci. },
  year =         {2000},
  OPTkey =       {},
  volume =       {3},
  OPTnumber =    {},
  pages =        {1178-1183},
  OPTmonth =     {},
  OPTnote =      {a00024},
  OPTannote =    {}
}

@Article{Schiller98,
  author =       {Schiller, J.  and Schiller, Y.  and Clapham, D.  E. },
  title =        {Amplification of calcium influx into dendritic spines
during associative pre- and postsynaptic activation: The role of direct
calcium influx through the \mbox{NMDA} receptor},
  journal =      {Nat.  Neurosci. },
  year =         {1998},
  OPTkey =       {},
  volume =       {1},
  OPTnumber =    {},
  pages =        {114-118},
  OPTmonth =     {},
  OPTnote =      {},
  OPTannote =    {}
}

@Article{Emptage99,
  author =       {Emptage, N.  and Bliss, T.  V.  P.  and Fine, A. },
  title =        {Single synaptic events evoke \mbox{NMDA}
receptor-mediated
release of calcium from internal stores in hippocampal dendritic spines},
  journal =      {Neuron},
  year =         {1999},
  OPTkey =       {},
  volume =       {22},
  OPTnumber =    {},
  pages =        {115-124},
  OPTmonth =     {},
  OPTnote =      {},
  OPTannote =    {}
}

@Article{Kovalchuk00,
  author =       {Kovalchuk, Y.  and Eilers, J.  and Lisman, J.  and Konnerth,
A. },
  title =        {\mbox{NMDA} receptor-mediated subthreshold
\mbox{Ca$^{2+}$}-signals in spines
of hippocampal neurons},
  journal =      {J.  Neurosci. },
  year =         {2000},
  OPTkey =       {},
  volume =       {20},
  OPTnumber =    {},
  pages =        {1791-1799},
  OPTmonth =     {},
  OPTnote =      {},
  OPTannote =    {}
}

@Article{Oja82,
   author =       {Oja, E. },
   title =        {A simplified neuron model as a principal component
analyzer},
   journal =      {J.  Math.  Biol. },
   year =         {1982},
   OPTkey =       {},
   volume =       {15},
   number =       {3},
   pages =        {267--273},
   OPTmonth =     {},
   OPTnote =      {Principal component analysis},
   OPTannote =    {}
}

@Article{Linsker88,
   author =       {Linsker, Ralph},
   title =        {Self-organisation in a perceptual network},
   journal =      {Computer},
   year =         {1988},
   OPTkey =       {},
   volume =       {21},
   number =       {3},
   pages =        {105--117},
   OPTmonth =     {},
   OPTnote =      {},
   OPTannote =    {}
}

@Article{Yuste99,
  author =       {Yuste, R.  and Majewska, A.  and Cash, S.  S.  and Denk, W. },
  title =        {Mechanisms of calcium influx into hippocampal spines:
heterogeneity among spines, coincidence detection by \mbox{NMDA} receptors,
and
optical quantal analysis},
  journal =      {J.  Neurosci. },
  year =         {1999},
  OPTkey =       {},
  volume =       {19},
  OPTnumber =    {},
  pages =        {1976-1987},
  OPTmonth =     {},
  OPTnote =      {},
  OPTannote =    {}
}

@Article{Huemmeke02,
  author =       {Huemmeke, M.  and Eysel, U.  T.  and Mittmann, T. },
  title =        {Metabotropic glutamate receptors mediate expression of
\mbox{LTP} in slices of rat visual cortex. },
  journal =      {Eur.  J.  Neurosci. },
  year =         {2002},
  OPTkey =       {},
  volume =       {15},
  number =       {10},
  pages =        {1641-1645},
  OPTmonth =     {},
  OPTnote =      {},
  OPTannote =    {}
}

@Article{Sourdet99,
  author =       {Sourdet, V.  and Debanne, D. },
  title =        {The role of dendritic filtering in associative long-term
synaptic plasticity},
  journal =      {Learning \& Memory},
  year =         {1999},
  OPTkey =       {},
  volume =       {6},
  OPTnumber =    {},
  pages =        {422-447},
  OPTmonth =     {},
  OPTnote =      {},
  OPTannote =    {}
}

@Article{Chechik98,
  author =       {Chechik, G.  and Meilijson, I.  and Ruppin, E. },
  title =        {Synaptic pruning in development: \mbox{A} computational
account. },
  journal =      {Neural Comp. },
  year =         {1998},
  OPTkey =       {},
  volume =       {10},
  number =       {7},
  pages =        {1759-1777},
  OPTmonth =     {},
  OPTnote =      {a00166},
  OPTannote =    {}
}

@Article{Guetig03,
  author =       {G{\"u}tig, R.  and Aharonov, R.  and Rotter, S.  and
Sompolinsky, H. },
  title =        {Learning input correlations through nonlinear
temporally asymmetric hebbian plasticity},
  journal =      {J. Neurosci. },
  year =         {2003},
  OPTkey =       {},
  volume =       {23},
  number =       {9},
  pages =        {3697-3714},
  OPTmonth =     {},
  OPTnote =      {a00002},
  OPTannote =    {}
}

@Article{Rossum00,
  author =       {van Rossum, M. C. W.  and Bi, G. Q.  and Turrigiano, G. G. },
  title =        {Stable \mbox{Hebbian} Learning from spike
Timing-dependent
Plasticity},
  journal =      {J.  Neurosci. },
  year =         {2000},
  OPTkey =       {},
  volume =       {20},
  number =       {23},
  pages =        {8812-8821},
  month =        {December},
  OPTnote =      {a00012},
  OPTannote =    {}
}

@Article{Soto-Trevino01,
  author =       {Soto-Trevino, C.  and Thoroughman, K. A.  and Marder, E.  and
Abbott, L. F. },
  title =        {xxxActivity-dependent modification of inhibitory synapses
in models of rhythmic neural networks},
  journal =      {Nat. Neurosci. },
  year =         {2001},
  OPTkey =       {},
  volume =       {4},
  number =       {3},
  pages =        {297-303},
  month =        {March},
  OPTnote =      {a00014},
  OPTannote =    {}
}

@Article{Cohen02,
  author =       {Cohen, J. D.  and Braver, T. S.  and Brown, J. W. },
  title =        {xxxComputational perspectives on dopamine function in
prefrontal cortex},
  journal =      {Current opinion Neurobiol. },
  year =         {2002},
  OPTkey =       {},
  volume =       {12},
  OPTnumber =    {},
  pages =        {223-229},
  OPTmonth =     {},
  OPTnote =      {a00048},
  OPTannote =    {}
}

@Article{Schultz97,
  author =       {Schultz, W.  and Dayan, P.  and Montague, P. R. },
  title =        {A Neural substrate of Prediction and Reward},
  journal =      {Science},
  year =         {1997},
  OPTkey =       {},
  volume =       {275},
  OPTnumber =    {},
  pages =        {1593-1599},
  month =        {March},
  OPTnote =      {a00049},
  OPTannote =    {}
}

@Article{Martin00,
  author =       {Martin, S. J.  and Grimwood, P. D.  and Morris, R. G. M. },
  title =        {Synaptic plasticity and Memory:\mbox{A}n evaluation of
the Hypothesis},
  journal =      {Annu. Rev. Neurosci. },
  year =         {2000},
  OPTkey =       {},
  volume =       {23},
  OPTnumber =    {},
  pages =        {649-711},
  OPTmonth =     {},
  OPTnote =      {a00050},
  OPTannote =    {}
}

@Article{Doya00a,
  author =       {Doya, K. },
  title =        {Reinforcement learning in continuous time and space},
  journal =      {Neural Comp. },
  year =         {2000},
  OPTkey =       {},
  volume =       {12},
  number =       {1},
  pages =        {219-245},
  OPTmonth =     {},
  OPTnote =      {a00086},
  OPTannote =    {}
}

@Article{Berns98,
  author =       {Berns, G. S.  and Sejnowski, T. J. },
  title =        {A Computational model of how the basal ganglia produce
Sequences},
  journal =      {J. Cogn. Neurosci. },
  year =         {1998},
  OPTkey =       {},
  volume =       {10},
  number =       {1},
  pages =        {108-121},
  OPTmonth =     {},
  OPTnote =      {a00087},
  OPTannote =    {}
}

@Article{Daw02,
  author =       {Daw, N. D.  and Kakade, S.  and Dayan, P. },
  title =        {xxxOpponent Interactions between \mbox{S}erotonin and
\mbox{D}opamine},
  journal =      {Neural Networks},
  year =         {2002},
  OPTkey =       {},
  volume =       {15},
  OPTnumber =    {},
  pages =        {603-616},
  OPTmonth =     {},
  OPTnote =      {a00092},
  OPTannote =    {}
}

@Article{Dayan00,
  author =       {Dayan, P.  and Kakade, S.  and Montague, P. R. },
  title =        {Learning and selective attention},
  journal =      {Nature Neurosci.},
  year =         {2000},
  OPTkey =       {},
  volume =       {3},
  OPTnumber =    {},
  pages =        {1218-1223},
  month =        {November},
  OPTnote =      {a00097},
  OPTannote =    {}
}

@Article{Mirenowicz94,
  author =       {Mirenowicz, J.  and Schultz, W. },
  title =        {Importance of unpredictability for reward responses in
primate dopamine neurons},
  journal =      {J. Neurophysiol. },
  year =         {1994},
  OPTkey =       {},
  volume =       {72},
  number =       {2},
  pages =        {1024-1027},
  OPTmonth =     {},
  OPTnote =      {a00100},
  OPTannote =    {}
}

@Article{Tanaka02,
  author =       {Tanaka, S. },
  title =        {xxxDopamine controls fundamental cognitive operations of
multi-target spatial working memory},
  journal =      {Neural Networks},
  year =         {2002},
  OPTkey =       {},
  volume =       {15},
  OPTnumber =    {},
  pages =        {573-582},
  OPTmonth =     {},
  OPTnote =      {a00101},
  OPTannote =    {}
}

@Article{Calabresi00,
  author =       {Calabresi, P.  and Gubellini, P.  and Centonze, D.  and
Picconi, B.  and Bernardi, G.  and Chergui, K.  and Svenningsson, P.  and
Fienberg, A. A.  and Greengard, P. },
  title =        {Dopamine and c\mbox{AMP-R}egulated Phosphoprotein 32
k\mbox{D}a controls both striatal long-term depression and long-term
potentiation opposing forms of synaptic plasticity},
  journal =      {J. Neurosci. },
  year =         {2000},
  OPTkey =       {},
  volume =       {20},
  number =       {22},
  pages =        {8443-8451},
  OPTmonth =     {},
  OPTnote =      {a00102},
  OPTannote =    {}
}

@Article{Suzuki01,
  author =       {Suzuki, T.  and Miura, M.  and Nishimura, K.  and Aosaki,
T. },
  title =        {xxxDopamine-dependent synaptic plasticity in the striatal
cholinergic interneurons},
  journal =      {J. Neurosci. },
  year =         {2001},
  OPTkey =       {},
  volume =       {21},
  number =       {17},
  pages =        {6492-6501},
  month =        {September},
  OPTnote =      {a00103},
  OPTannote =    {}
}

@Article{Frey01,
  author =       {Frey, S.  and Bergado-Rosado, J.  and Seidenbecher, T.  and
Pape, H-C.  and Frey, J. U. },
  title =        {xxxReinforcement of early long-term potentiation
(Early-\mbox{LTP})in dentate gyrus by stimulation of the basolateral
amygdala: \mbox{H}eterosynaptic induction mechanisms of late-\mbox{LTP}},
  journal =      {J. Neurosci. },
  year =         {2001},
  OPTkey =       {},
  volume =       {21},
  number =       {10},
  pages =        {3697-3703},
  month =        {May},
  OPTnote =      {a00104},
  OPTannote =    {}
}

@Article{Montague95a,
  author =       {Montague, P. R. },
  title =        {xxxIntegrating information at single synaptic
connections},
  journal =      {Proc. Natl. Acad. Sci. USA},
  year =         {1995},
  OPTkey =       {},
  volume =       {92},
  OPTnumber =    {},
  pages =        {2424-2425},
  month =        {March},
  OPTnote =      {a00105},
  OPTannote =    {}
}

@Article{Calabresi97,
  author =       {Calabresi, P.  and Saiardi, A.  and Pisani, A.  and Baik,
J. -H.  and Centonze, D.  and Mercuri, N. B.  and Bernardi, G.  and Borrelli, E. },
  title =        {xxxAbnormal synaptic plasticity in the striatum of mice
lacking dopamine \mbox{D}2 Receptors},
  journal =      {J.  Neurosci. },
  year =         {1997},
  OPTkey =       {},
  volume =       {17},
  number =       {12},
  pages =        {4536-4544},
  month =        {June},
  OPTnote =      {a00106},
  OPTannote =    {}
}

@Article{Yang02,
  author =       {Yang, H. -W.  and Lin, Y. -W.  and Yen, C. -D.  and Min, M. -Y. },
  title =        {xxxChange in bi-directional plasticity at \mbox{CA}1
synapses in hippocampal slices taken from 6-hydroxydopamine-treated rats:
the role of endogenous norepinephrine},
  journal =      {European J. Neurosci.},
  year =         {2002},
  OPTkey =       {},
  volume =       {16},
  OPTnumber =    {},
  pages =        {1117-1128},
  OPTmonth =     {},
  OPTnote =      {a00107},
  OPTannote =    {}
}

@Article{Kumar99,
  author =       {Kumar, S. S.  and Faber, D. S. },
  title =        {xxxPlasticity of first-order sensory synapses:
\mbox{I}nteractions between homosynaptic long-term potentiation and
heterosynaptically evoked dopaminergic potentiation},
  journal =      {J.  Neurosci. },
  year =         {1999},
  OPTkey =       {},
  volume =       {19},
  number =       {5},
  pages =        {1620-1635},
  month =        {March},
  OPTnote =      {a00108},
  OPTannote =    {}
}

@Article{Lissin98,
  author =       {Lissin, D. V.  and Gomperts, S. N.  and Carroll, R. C.  and
Christine, C. W.  and Kalman, D.  and Kitamura, M.  and Hardy, S.  and Nicoll,
R. A.  and Malenka, R. C.  and von Zastrow, M. },
  title =        {xxxActivity differentially regulates the surface
expression of synaptic \mbox{AMPA}and\mbox{NMDA}glutamate receptors},
  journal =      {Proc. Natl. Acad. Sci. USA},
  year =         {1998},
  OPTkey =       {},
  volume =       {95},
  OPTnumber =    {},
  pages =        {7097-7102},
  month =        {June},
  OPTnote =      {a00109},
  OPTannote =    {}
}

@Article{Hirai01,
  author =       {Hirai, H. },
  title =        {xxxModification of \mbox{AMPA}receptor clustering
regulates cerebellar synaptic plasticity},
  journal =      {Neurosci. Res.},
  year =         {2001},
  OPTkey =       {},
  volume =       {39},
  OPTnumber =    {},
  pages =        {261-267},
  OPTmonth =     {},
  OPTnote =      {a00110},
  OPTannote =    {}
}

@Article{Schweighofer03,
  author =       {Schweighofer, N.  and Doya, K. },
  title =        {xxxMeta-learning in Reinforcement learning},
  journal =      {Neural Networks},
  year =         {2003},
  OPTkey =       {},
  volume =       {16},
  OPTnumber =    {},
  pages =        {5-9},
  OPTmonth =     {},
  OPTnote =      {a00111},
  OPTannote =    {}
}

@Article{Beiser98,
  author =       {Beiser, D. G.  and Houk, J. C. },
  title =        {xxxModel of cortical-basal ganglionic
processing:\mbox{E}ncoding the serial order of sensory events},
  journal =      {J. Neurophysiol. },
  year =         {1998},
  OPTkey =       {},
  volume =       {79},
  OPTnumber =    {},
  pages =        {3168-3188},
  OPTmonth =     {},
  OPTnote =      {a00112},
  OPTannote =    {}
}

@Article{Gruber03,
  author =       {Gruber, A. J.  and Solla, S. A.  and Surmeier, D. J.  and Houk,
J. C. },
  title =        {Modulation of striatal single units by expected
reward:\mbox{A}spiny neuron model displaying dopamine-induced bistability},
  journal =      {J. Neurophsiol. },
  year =         {2003},
  OPTkey =       {},
  volume =       {90},
  OPTnumber =    {},
  pages =        {1095-1114},
  OPTmonth =        {},
  OPTnote =      {a00113},
  OPTannote =    {}
}

@Article{Doya00b,
  author =       {Doya, K. },
  title =        {xxxComplementary roles of basal ganglia and cerebellum in
learning and motor control},
  journal =      {Current opinion in Neurobiology},
  year =         {2000},
  OPTkey =       {},
  volume =       {10},
  number =       {6},
  pages =        {732-739},
  OPTmonth =     {},
  OPTnote =      {a00114},
  OPTannote =    {}
}

@Article{Tremblay99,
  author =       {Tremblay, L.  and Schultz, W. },
  title =        {Relative reward preference in primate orbitofrontal
cortex},
  journal =      {Nature},
  year =         {1999},
  OPTkey =       {},
  volume =       {398},
  OPTnumber =    {},
  pages =        {704-708},
  month =        {April},
  OPTnote =      {a00115},
  OPTannote =    {}
}

@Article{Tremblay98,
  author =       {Tremblay, L.  and Hollerman, J. R.  and Schultz, W. },
  title =        {Modifications of reward expectation-related neuronal
activity during learning in primate striatum},
  journal =      {J. Neurophysiol. },
  year =         {1998},
  OPTkey =       {},
  volume =       {80},
  OPTnumber =    {},
  pages =        {964-977},
  OPTmonth =     {},
  OPTnote =      {a00116},
  OPTannote =    {}
}

@Article{Suri99,
  author =       {Suri, R. E.  and Schultz, W. },
  title =        {A neural network model with dopamine-like reinforcement
signal that learns a spatial delayed response task},
  journal =      {Neurosci.},
  year =         {1999},
  OPTkey =       {},
  volume =       {91},
  number =       {3},
  pages =        {871-890},
  OPTmonth =     {},
  OPTnote =      {a00117},
  OPTannote =    {}
}

@Article{Schultz00b,
  author =       {Schultz, W. },
  title =        {xxxMultiple reward signals in the brain},
  journal =      {Nature Reviews},
  year =         {2000},
  OPTkey =       {},
  volume =       {1},
  OPTnumber =    {},
  pages =        {199-207},
  month =        {December},
  OPTnote =      {a00118},
  OPTannote =    {}
}

@Article{Schultz02,
  author =       {Schultz, W. },
  title =        {Getting formal with dopamine and reward},
  journal =      {Neuron},
  year =         {2002},
  OPTkey =       {},
  volume =       {36},
  OPTnumber =    {},
  pages =        {241-263},
  month =        {October},
  OPTnote =      {a00119},
  OPTannote =    {}
}

@Article{Schultz98,
  author =       {Schultz, W. },
  title =        {Predictive reward signal of dopamine neurons},
  journal =      {J. Neurophysiol. },
  year =         {1998},
  OPTkey =       {},
  volume =       {80},
  OPTnumber =    {},
  pages =        {1-27},
  OPTmonth =     {},
  OPTnote =      {a00120},
  OPTannote =    {}
}

@Article{Brown99,
  author =       {Brown, J.  and Bullock, D.  and Grossberg, S. },
  title =        {How the basal ganglia use parallel excitatory and
inhibitory learning pathways to selectively respond to unexpected rewarding
cues},
  journal =      {J. Neurosci. },
  year =         {1999},
  OPTkey =       {},
  volume =       {19},
  number =       {23},
  pages =        {10502-10511},
  month =        {December},
  OPTnote =      {a00121},
  OPTannote =    {}
}

@Article{Reynolds02a,
  author =       {Reynolds, J. N. J.  and Wickens, J. R. },
  title =        {Dopamine-dependent plasticity of corticostriatal
synapses},
  journal =      {Neural Networks},
  year =         {2002},
  OPTkey =       {},
  volume =       {15},
  OPTnumber =    {},
  pages =        {507-521},
  OPTmonth =     {},
  OPTnote =      {a00122},
  OPTannote =    {}
}

@Article{Montague95b,
  author =       {Montague, P. R.  and Dayan, P.  and Person, C.  and Sejnowski,
T. J. },
  title =        {Bee foraging in uncertain environments using predictive
hebbian learning},
  journal =      {Nature},
  year =         {1995},
  OPTkey =       {},
  volume =       {377},
  OPTnumber =    {},
  pages =        {725-728},
  month =        {October},
  OPTnote =      {a00123},
  OPTannote =    {}
}

@Article{Montague96,
  author =       {Montague, P. R.  and Dayan,P.  and Sejnowski, T. J. },
  title =        {A Framework for mesencephalic dopamine systems based on
predictive hebbian learning},
  journal =      {J. Neurosci. },
  year =         {1996},
  OPTkey =       {},
  volume =       {16},
  number =       {5},
  pages =        {1936-1947},
  month =        {March},
  OPTnote =      {a00124},
  OPTannote =    {}
}

@Article{Greengard99,
  author =       {Greengard, P.  and Allen, P. B.  and Nairn, A. C. },
  title =        {Beyond the dopamine receptor: the
\mbox{DARPP-}32\mbox{/P}rotein phosphatase-1 cascade},
  journal =      {Neuron},
  year =         {1999},
  OPTkey =       {},
  volume =       {23},
  OPTnumber =    {},
  pages =        {435-447},
  month =        {July},
  OPTnote =      {a00126},
  OPTannote =    {}
}

@Article{Hollerman98a,
  author =       {Hollerman, J. R.  and Schultz, W. },
  title =        {Dopamine neurons report an error in the temporal
prediction of reward during learning},
  journal =      {Nature Neurosci.},
  year =         {1998},
  OPTkey =       {},
  volume =       {1},
  number =       {4},
  pages =        {304-309},
  month =        {August},
  OPTnote =      {a00127},
  OPTannote =    {}
}

@Article{Hollerman98b,
  author =       {Hollerman, J. R.  and Tremblay, L.  and Schultz, W. },
  title =        {Influence of reward expectation on behavior-related
neuronal activity in primate striatum},
  journal =      {J.  Neurophysiol. },
  year =         {1998},
  OPTkey =       {},
  volume =       {80},
  OPTnumber =    {},
  pages =        {947-963},
  OPTmonth =     {},
  OPTnote =      {a00128},
  OPTannote =    {}
}

@Article{Centonze01,
  author =       {Centonze, D.  and Picconi, B.  and Gubellini, P.  and
Bernardi, G.  and Calabresi, P. },
  title =        {Dopaminergic control of synaptic plasticity in the
dorsal striatum},
  journal =      {European J.  Neurosci. },
  year =         {2001},
  OPTkey =       {},
  volume =       {13},
  OPTnumber =    {},
  pages =        {1071-1077},
  OPTmonth =     {},
  OPTnote =      {a00129},
  OPTannote =    {}
}

@Article{Contreras-Vidal99,
  author =       {Contreras-Vidal, J. L.  and Schultz, W. },
  title =        {A predictive reinforcement model of dopamine neurons
for learning approach behavior},
  journal =      {J.  Comput.  Neurosci. },
  year =         {1999},
  OPTkey =       {},
  volume =       {6},
  OPTnumber =    {},
  pages =        {191-214},
  OPTmonth =     {},
  OPTnote =      {a00130},
  OPTannote =    {}
}

@Article{Joel02,
  author =       {Joel, D.  and Niv, Y.  and Ruppin, E. },
  title =        {Actor-critic models of the basal ganglia: new
anatomical and computational perspectives},
  journal =      {Neural Networks},
  year =         {2002},
  OPTkey =       {},
  volume =       {15},
  OPTnumber =    {},
  pages =        {535-547},
  OPTmonth =     {},
  OPTnote =      {a00131},
  OPTannote =    {}
}

@Article{Suri01b,
  author =       {Suri, R. E.  and Bargas, J.  and Arbib, M. A. },
  title =        {Modeling functions of striatal dopamine modulation in
learning and planning},
  journal =      {Neurosci.},
  year =         {2001},
  OPTkey =       {},
  volume =       {103},
  number =       {1},
  pages =        {65-85},
  OPTmonth =     {},
  OPTnote =      {a00132},
  OPTannote =    {}
}

@Article{Bhalla99,
  author =       {Bhalla, U. S.  and Iyengar, R. },
  title =        {xxxEmergent properties of networks of biological signaling
pathways},
  journal =      {Science},
  year =         {1999},
  OPTkey =       {},
  volume =       {283},
  OPTnumber =    {},
  pages =        {381-387},
  month =        {January},
  OPTnote =      {a00133},
  OPTannote =    {}
}

@Article{Suri98,
  author =       {Suri, R. E.  and Schultz, W. },
  title =        {Learning of sequential movements by neural network
model with dopamine-like reinforcement signal},
  journal =      {Exp.  Brain Res. },
  year =         {1998},
  OPTkey =       {},
  volume =       {121},
  OPTnumber =    {},
  pages =        {350-354},
  OPTmonth =     {},
  OPTnote =      {a00135},
  OPTannote =    {}
}

@Article{Durstewitz00,
  author =       {Durstewitz, D.  and Seamans, J. K.  and Sejnowski, T. J. },
  title =        {xxxNeurocomputational models of working memory},
  journal =      {Nat.  Neurosci. },
  year =         {2000},
  OPTkey =       {},
  volume =       {3},
  OPTnumber =    {},
  pages =        {1184-1191},
  month =        {November},
  OPTnote =      {a00136},
  OPTannote =    {}
}

@Article{Durstewitz99,
  author =       {Durstewitz, D.  and Kelc, M.  and G\"unt\"urk\"un, O. },
  title =        {A neurocomputational theory of the dopaminergic modulation
of working memory functions},
  journal =      {xxxJ.  Neurosci. },
  year =         {1999},
  OPTkey =       {},
  volume =       {19},
  number =       {7},
  pages =        {2807-2822},
  month =        {April},
  OPTnote =      {a00137},
  OPTannote =    {}
}

@Article{Rao99,
  author =       {Rao, R. P. N.  and Ballard, D. H. },
  title =        {xxxPredictive coding in the visual cortex: a functional
interpretation of some extra-classical receptive-field effects},
  journal =      {Nat.  Neurosci. },
  year =         {1999},
  OPTkey =       {},
  volume =       {2},
  number =       {1},
  pages =        {79-87},
  month =        {January},
  OPTnote =      {a00147},
  OPTannote =    {}
}

@Article{Cateau02,
  author =       {Cateau, H.  and Kitano, K.  and Fukai, T. },
  title =        {An accurate and widely applicable method to determine
the distribution of synaptic strengths formed by the spike-timing-dependent
learning},
  journal =      {Neurocomputing},
  year =         {2002},
  OPTkey =       {},
  volume =       {44},
  number =       {46},
  pages =        {343-351},
  OPTmonth =     {},
  OPTnote =      {a00167},
  OPTannote =    {}
}

@Article{Eurich99,
  author =       {Eurich, C. W.  and Pawelzik, K.  and Ernst, U.  and Cowan,
J. D.  and Milton, J. G. },
  title =        {Dynamics of self-organized delay adaptation},
  journal =      {Phys. Rev. Lett. },
  year =         {1999},
  OPTkey =       {},
  volume =       {82},
  OPTnumber =    {},
  pages =        {1594-1597},
  OPTmonth =     {},
  OPTnote =      {a00168},
  OPTannote =    {}
}

@Article{Kempter99,
  author =       {Kempter, R.  and Gerstner, W.  and van Hemmen, J. L. },
  title =        {Hebbian learning and spiking neurons},
  journal =      {Phys.  Rev.  E. },
  year =         {1999},
  OPTkey =       {},
  volume =       {59},
  OPTnumber =    {},
  pages =        {4498-4515},
  OPTmonth =     {},
  OPTnote =      {a00170},
  OPTannote =    {}
}

@Article{Kistler00,
  author =       {Kistler, W. M.  and van Hemmen, J. L. },
  title =        {Modeling synaptic plasticity in conjunction with the
timing of pre- and post-synaptic action potentials},
  journal =      {Neural Comput. },
  year =         {2000},
  OPTkey =       {},
  volume =       {12},
  OPTnumber =    {},
  pages =        {385-405},
  OPTmonth =     {},
  OPTnote =      {a00171},
  OPTannote =    {}
}

@Article{Levy01,
  author =       {Levy, N.  and Horn, D.  and Meilijson, I.  and Ruppin, E. },
  title =        {Distributed synchrony in a cell assembly of spiking
neurons},
  journal =      {Neural Networks},
  year =         {2001},
  OPTkey =       {},
  volume =       {14},
  OPTnumber =    {},
  pages =        {815-824},
  OPTmonth =     {},
  OPTnote =      {a00172},
  OPTannote =    {}
}

@Article{Hemmings84,
  author =       {Hemmings, H. C. ,Jr.  and Greengard, P.  and Tung, H. Y.  and
Cohen, P. },
  title =        {\mbox{DARPP-32}, a dopamine-regulated neuronal
phosphoprotein, is a potent inhibitor of protein phosphatase-1},
  journal =      {Nature},
  year =         {1984},
  OPTkey =       {},
  volume =       {310},
  OPTnumber =    {},
  pages =        {503-505},
  OPTmonth =     {},
  OPTnote =      {a00174},
  OPTannote =    {}
}

@Article{King84,
  author =       {King, M. M.  and Huang, C. Y.  and Chock, P. B.  and Nairn, A. C.
and Hemmings, H. C. ,Jr.  and Chan, K. F.  and Greengard, P. },
  title =        {Mammalian brain phosphoproteins as substrates for
calcineurin},
  journal =      {J.  Biol.  Chem. },
  year =         {1984},
  OPTkey =       {},
  volume =       {259},
  OPTnumber =    {},
  pages =        {8080-8083},
  OPTmonth =     {},
  OPTnote =      {a00175},
  OPTannote =    {}
}

@Article{Nishi97,
  author =       {Nishi, A.  and Snyder, G. L.  and Greengard, P. },
  title =        {Bidirectional regulation of \mbox{DARPP-32}
phosphorylation by dopamine},
  journal =      {J.  Neurosci. },
  year =         {1997},
  OPTkey =       {},
  volume =       {17},
  OPTnumber =    {},
  pages =        {8147-8155},
  OPTmonth =     {},
  OPTnote =      {a00176},
  OPTannote =    {}
}

@Article{Roche96,
  author =       {Roche, K. W.  and O'Brian, R. J.  and Mammen, A. L.  and
Bernhardt, J.  and Huganir, R. L. },
  title =        {Characterization of multiple phosphorylation sites on
the \mbox{AMPA} receptor \mbox{GluR1} subunit},
  journal =      {Neuron},
  year =         {1996},
  OPTkey =       {},
  volume =       {16},
  OPTnumber =    {},
  pages =        {1179-1188},
  OPTmonth =     {},
  OPTnote =      {a00177},
  OPTannote =    {}
}

@Article{Sibley92,
  author =       {Sibley, D. R.  and Monsma, F. J. ,Jr. },
  title =        {Molecular biology of dopamine receptors},
  journal =      {Trends Pharmakol.  Sci. },
  year =         {1992},
  OPTkey =       {},
  volume =       {13},
  OPTnumber =    {},
  pages =        {61-69},
  OPTmonth =     {},
  OPTnote =      {a00178},
  OPTannote =    {}
}

@Article{Stoof81,
  author =       {Stoof, J. C.  and Kebabian, J. W. },
  title =        {Opposing roles for \mbox{D-1 and D-2} dopamine
receptors in efflux of cyclic \mbox{AMP} from rat neostriatum},
  journal =      {Nature},
  year =         {1981},
  OPTkey =       {},
  volume =       {294},
  OPTnumber =    {},
  pages =        {366-368},
  OPTmonth =     {},
  OPTnote =      {a00179},
  OPTannote =    {}
}

@Article{Surmeier95,
  author =       {Surmeier, D. J.  and Bargas, J.  and Hemmings, H. C. , Jr.  and
Nairn, A. C.  and Greengard, P. },
  title =        {Modulation of calcium currents by a \mbox{D1}
dopaminergic protein kinase/phosphatase cascade in rat neostriatal neurons},
  journal =      {Neuron},
  year =         {1995},
  OPTkey =       {},
  volume =       {14},
  OPTnumber =    {},
  pages =        {385-397},
  OPTmonth =     {},
  OPTnote =      {a00180},
  OPTannote =    {}
}

@Article{Svenningsson98,
  author =       {Svenningsson, P.  and Lindskog, M.  and Rognoni, F.  and
Fredholm, B. B.  and Greengard, P.  and Fisone, G. },
  title =        {Activation of adenosine \mbox{A2A} and dopamine
\mbox{D1} receptors stimulates cyclic \mbox{AMP-dependent} phosphorylation
of \mbox{DARPP-32} in distinct populations of striatal projection neurons},
  journal =      {Neurosci. },
  year =         {1998},
  OPTkey =       {},
  volume =       {84},
  OPTnumber =    {},
  pages =        {223-228},
  OPTmonth =     {},
  OPTnote =      {a00181},
  OPTannote =    {}
}

@Article{Artola93,
  author =       {Artola, A.  and Singer, W. },
  title =        {Long-term depression of excitatory synaptic
transmission and its relationship to long-term potentation},
  journal =      {Trends Neurosci. },
  year =         {1993},
  OPTkey =       {},
  volume =       {16},
  OPTnumber =    {},
  pages =        {480-487},
  OPTmonth =     {},
  OPTnote =      {a00182},
  OPTannote =    {}
}

@Article{Berridge98a,
  author =       {Berridge, M. J. },
  title =        {Neuronal calcium signaling},
  journal =      {Neuron},
  year =         {1998},
  OPTkey =       {},
  volume =       {21},
  OPTnumber =    {},
  pages =        {13-26},
  OPTmonth =     {},
  OPTnote =      {a00183},
  OPTannote =    {}
}

@Article{Buzsaki96,
  author =       {Buzsaki, G.  and Penttonen, M.  and Nadasdy, Z.  and Bragin,
A.  },
  title =        {Pattern and inhibition-dependent invasion of pyramidal
cell dendrites by fast spikes in the hippocampus in vivo},
  journal =      {Proc.  Natl.  Acad.  Sci USA},
  year =         {1996},
  OPTkey =       {},
  volume =       {93},
  OPTnumber =    {},
  pages =        {9921-9925},
  OPTmonth =     {},
  OPTnote =      {a00184},
  OPTannote =    {}
}

@Article{deKoninck98,
  author =       {DeKoninck, P and Schulmann, H. },
  title =        {Sensitivity of \mbox{CaM} kinase \mbox{II} to the
frequency of \mbox{Ca 2+} oscillations},
  journal =      {Science},
  year =         {1998},
  OPTkey =       {},
  volume =       {279},
  OPTnumber =    {},
  pages =        {227-230},
  OPTmonth =     {},
  OPTnote =      {a00185},
  OPTannote =    {}
}

@Article{Deisseroth98,
  author =       {Deisseroth, K.  and Heist, E. K.  and Tsien, R. W. },
  title =        {Translocation of calmodulin to the nucleus supports
\mbox{CREB} phosphorylation in hippocampal neurons},
  journal =      {Nature},
  year =         {1998},
  OPTkey =       {},
  volume =       {392},
  OPTnumber =    {},
  pages =        {198-202},
  OPTmonth =     {},
  OPTnote =      {a00187},
  OPTannote =    {}
}

@Article{Dolmetsch01,
  author =       {Dolmetsch, R. E.  and Pajvani, U.  and Fife, K.  and Spotts,
J. M.  and Greenberg, M. E. },
  title =        {Signaling to the nucleus by an \mbox{L-type} calcium
channel-calmodulin complex through the \mbox{MAP} kinase pathway},
  journal =      {Science},
  year =         {2001},
  OPTkey =       {},
  volume =       {294},
  OPTnumber =    {},
  pages =        {333-339},
  OPTmonth =     {},
  OPTnote =      {a00188},
  OPTannote =    {}
}

@Article{Froemke02,
  author =       {Froemke, R. C.  and Dan, Y. },
  title =        {Spike-timing-dependent synaptic modification induced by
natural spike trains},
  journal =      {Nature},
  year =         {2002},
  OPTkey =       {},
  volume =       {416},
  OPTnumber =    {},
  pages =        {433-438},
  OPTmonth =     {},
  OPTnote =      {a00190},
  OPTannote =    {}
}

@Article{Futatsugi99,
  author =       {Futatsugi, A.  and Kato, K.  and Ogura, H.  and Li, S. T.  and
Nagata, E.  and Kuwajima, G.  and Tanaka, K.  and Itohara, S.  and Mikoshiba,
K. },
  title =        {Facilitation of \mbox{NMDAR}-independent \mbox{LTP} and
spatial learning in mutant mice lacking ryanodine receptor type 3},
  journal =      {Neuron},
  year =         {1999},
  OPTkey =       {},
  volume =       {24},
  OPTnumber =    {},
  pages =        {701-713},
  OPTmonth =     {},
  OPTnote =      {a00191},
  OPTannote =    {}
}

@Article{Graef99,
  author =       {Graef, I. A.  and Mermelstein, P. G.  and Stankunas, K.  and
Neilson, J. R.  and Deisseroth, K.  and Tsien, R.  W.  and Crabtree, G.  R. },
  title =        {L-type calcium channels and \mbox{GSK-3} regulate the
activity of \mbox{NF-ATc4} in hippocampal neurons},
  journal =      {Nature},
  year =         {1999},
  OPTkey =       {},
  volume =       {401},
  OPTnumber =    {},
  pages =        {703-708},
  OPTmonth =     {},
  OPTnote =      {a00192},
  OPTannote =    {}
}

@Article{Hoffman97,
  author =       {Hoffman, D. A.  and Magee, J. C.  and Colbert, C. M.  and
Johnston, D},
  title =        {\mbox{$K^+$} channel regulation of signal propagation in
dendrites of hippocampal pyramidal neurons},
  journal =      {Nature},
  year =         {1997},
  OPTkey =       {},
  volume =       {387},
  OPTnumber =    {},
  pages =        {869-75},
  OPTmonth =     {},
  OPTnote =      {a00193},
  OPTannote =    {}
}

@Article{Johnston96,
  author =       {Johnston, D.  and Magee, J. C.  and Colbert, C. M.  and
Cristie, B. R. },
  title =        {Active properties of neuronal dendrites},
  journal =      {Annu.  Rev.  Neurosci. },
  year =         {1996},
  OPTkey =       {},
  volume =       {19},
  OPTnumber =    {},
  pages =        {165-186},
  OPTmonth =     {},
  OPTnote =      {a00194},
  OPTannote =    {}
}

@Article{Koester98,
  author =       {Koester, H. J.  and Sakmann, B. },
  title =        {Calcium dynamics in single spines during coincident
pre- and postsynaptic activity depend on relative timing of back-propagating
action potentials and subthreshold excitatory postsynaptic potentials},
  journal =      {Proc.  Natl.  Acad.  Sci.  USA},
  year =         {1998},
  OPTkey =       {},
  volume =       {95},
  OPTnumber =    {},
  pages =        {9596-9601},
  OPTmonth =     {},
  OPTnote =      {a00195},
  OPTannote =    {}
}

@Article{Lasser92,
  author =       {Lasser-Ross, N.  and Ross, W. N. },
  title =        {Imaging voltage and synaptically activated sodium
transients in cerebellar \mbox{Purkinje} cells},
  journal =      {Proc.  R.  Soc.  B.  Biol.  Sci. },
  year =         {1992},
  OPTkey =       {},
  volume =       {247},
  OPTnumber =    {},
  pages =        {35-39},
  OPTmonth =     {},
  OPTnote =      {a00196},
  OPTannote =    {}
}

@Article{Lisman89,
  author =       {Lisman, J. },
  title =        {A mechanism for the \mbox{Hebb} and the
\mbox{anti-Hebb} processes underlying learning and memory},
  journal =      {Proc.  Natl.  Acad.  Sci.  USA},
  year =         {1989},
  OPTkey =       {},
  volume =       {86},
  OPTnumber =    {},
  pages =        {9574-9578},
  OPTmonth =     {},
  OPTnote =      {a00197},
  OPTannote =    {}
}

@Article{Malenka89,
  author =       {Malenka, R. C.  and Kauer, J. A.  and Perkel, D. J.  and Mauk,
M. D.  and Kelly, P. T.  and Nicoll, R. A.  and Waxham, M. N. },
  title =        {An essential role for postsynaptic calmodulin and
protein kinase activity in long-term potentiation},
  journal =      {Nature},
  year =         {1989},
  OPTkey =       {},
  volume =       {340},
  OPTnumber =    {},
  pages =        {554-557},
  OPTmonth =     {},
  OPTnote =      {a00199},
  OPTannote =    {}
}

@Article{Malinow89,
  author =       {Malinow, R.  and Schulman, H.  and Tsien, R. W. },
  title =        {Inhibition of postsynaptic \mbox{PKC} or \mbox{CaMKII}
blocks induction but not expression of \mbox{LTP}},
  journal =      {Science},
  year =         {1989},
  OPTkey =       {},
  volume =       {245},
  OPTnumber =    {},
  pages =        {862-866},
  OPTmonth =     {},
  OPTnote =      {a00200},
  OPTannote =    {}
}

@Article{Mayer84,
  author =       {Mayer, M. L.  and Westbrook, G. L.  and Guthrie, P. B.  },
  title =        {Voltage-dependent block by \mbox{Mg2+ of NMDA}
responses in spinal cord neurones},
  journal =      {Nature},
  year =         {1984},
  OPTkey =       {},
  volume =       {309},
  OPTnumber =    {},
  pages =        {261-263},
  OPTmonth =     {},
  OPTnote =      {a00202},
  OPTannote =    {}
}

@Article{Migliore99,
  author =       {Migliore, M.  and Hoffmann, D. A.  and Magee, J. C.  and
Johnston, D. },
  title =        {Role of an \mbox{A-type $K^+$} conductance in the
back-propagation of action potentials in the dendrites of hippocampal
pyramidal neurons},
  journal =      {J.  Comput.  Neurosci. },
  year =         {1999},
  OPTkey =       {},
  volume =       {7},
  OPTnumber =    {},
  pages =        {5-15},
  OPTmonth =     {},
  OPTnote =      {a00203},
  OPTannote =    {}
}

@Article{Mulkey94,
  author =       {Mulkey, R. M.  and Endo, S.  and Shenolikar, S.  and Malenka,
R. C. },
  title =        {Involvement of a calcineurin/inhibitor-1 phosphatase
cascade in hippocampal long-term depression},
  journal =      {Nature},
  year =         {1994},
  OPTkey =       {},
  volume =       {369},
  OPTnumber =    {},
  pages =        {486-488},
  OPTmonth =     {},
  OPTnote =      {a00204},
  OPTannote =    {}
}

@Article{Nowak84,
  author =       {Nowak, L.  and Bregestovski, P.  and Ascher, P.  and Herbet,
A.  and Prochiantz, A. },
  title =        {Magnesium gates glutamate-activated channels in mouse
central neurones},
  journal =      {Nature},
  year =         {1984},
  OPTkey =       {},
  volume =       {307},
  OPTnumber =    {},
  pages =        {462-465},
  OPTmonth =     {},
  OPTnote =      {a00205},
  OPTannote =    {}
}

@Article{Regehr92,
  author =       {Regehr, W. G.  and Konnerth, A.  and Armstrong, C. M. },
  title =        {Sodium action potentials in the dendrites of cerebellar
\mbox{Purkinje} cells},
  journal =      {Proc.  Natl.  Acad.  Sci.  USA},
  year =         {1992},
  OPTkey =       {},
  volume =       {89},
  OPTnumber =    {},
  pages =        {5492-5496},
  OPTmonth =     {},
  OPTnote =      {a00206},
  OPTannote =    {}
}

@Article{Rose01,
  author =       {Rose, C. R.  and Konnerth, A. },
  title =        {Stores not just for storage, intracellular calcium
release and synaptic plasticity},
  journal =      {Neuron},
  year =         {2001},
  OPTkey =       {},
  volume =       {31},
  OPTnumber =    {},
  pages =        {519-522},
  OPTmonth =     {},
  OPTnote =      {a00207},
  OPTannote =    {}
}

@Article{Stuart94,
  author =       {Stuart, G. J.  and Sakmann, B. },
  title =        {Active propagation of somatic action potentials into
neocortical pyramidal cell dendrites},
  journal =      {Nature},
  year =         {1994},
  OPTkey =       {},
  volume =       {367},
  OPTnumber =    {},
  pages =        {69-72},
  OPTmonth =     {},
  OPTnote =      {a00208},
  OPTannote =    {}
}

@Article{Svoboda99,
  author =       {Svoboda, K.  and Mainen, Z. F. },
  title =        {Synaptic \mbox{Ca$^{2+}$:} intracellular stores spill their
guts},
  journal =      {Neuron},
  year =         {1999},
  OPTkey =       {},
  volume =       {22},
  OPTnumber =    {},
  pages =        {427-430},
  OPTmonth =     {},
  OPTnote =      {a00209},
  OPTannote =    {}
}

@Article{West01,
  author =       {West, A. E.  and Chen, W. G.  and Dalva, M. B.  and Dolmetsch,
R. E.  and Kornhauser, J. M.  and Shaywitz, A. J.  and Takasu, M. A.  and Tao, X.
and Greenberg, M. E. },
  title =        {Calcium regulation of neuronal gene expression},
  journal =      {Proc.  Natl.  Acad.  Sci.  USA},
  year =         {2001},
  OPTkey =       {},
  volume =       {98},
  OPTnumber =    {},
  pages =        {11024-11031},
  OPTmonth =     {},
  OPTnote =      {a00210},
  OPTannote =    {}
}

@Article{Yang99,
  author =       {Yang, S. N.  and Tang, Y. G.  and Zucker, R. S. },
  title =        {Selective induction of \mbox{LTP and LTD} by
postsynaptic \mbox{Ca$^{2+}$} elevation},
  journal =      {J.  Neurophysiol. },
  year =         {1999},
  OPTkey =       {},
  volume =       {81},
  OPTnumber =    {},
  pages =        {781-787},
  OPTmonth =     {},
  OPTnote =      {a00211},
  OPTannote =    {}
}

@Article{Yao01,
  author =       {Yao, H.  and Dan, Y. },
  title =        {Stimulus timing-dependent plasticity in cortical
processing of orientation},
  journal =      {Neuron},
  year =         {2001},
  OPTkey =       {},
  volume =       {32},
  OPTnumber =    {},
  pages =        {315-323},
  OPTmonth =     {},
  OPTnote =      {a00212},
  OPTannote =    {}
}

@Article{Zhang98,
  author =       {Zhang, L. I.  and Tao, H. W.  and Holt, C. E.  and Harris, W. A.
and Poo, M-M. },
  title =        {A critical window for cooperation and competition among
developing retinotectal synapses},
  journal =      {Nature},
  year =         {1998},
  OPTkey =       {},
  volume =       {395},
  OPTnumber =    {},
  pages =        {37-44},
  OPTmonth =     {},
  OPTnote =      {a00213},
  OPTannote =    {}
}

@Article{Zucker99,
  author =       {Zucker, R. S. },
  title =        {Calcium- and activity-dependent synaptic plasticity},
  journal =      {Curr.  Opin.  Neurobiol. },
  year =         {1999},
  OPTkey =       {},
  volume =       {9},
  OPTnumber =    {},
  pages =        {305-313},
  OPTmonth =     {},
  OPTnote =      {a00214},
  OPTannote =    {}
}

@Article{Akopian00,
  author =       {Akopian, G.  and Musleh, W.  and Smith, R.  and Walsh, J. P. },
  title =        {Functional state of corticostriatal synapses determines
their expression of short- and long-term plasticity},
  journal =      {Synapse},
  year =         {2000},
  OPTkey =       {},
  volume =       {38},
  OPTnumber =    {},
  pages =        {271-280},
  OPTmonth =     {},
  OPTnote =      {a00215},
  OPTannote =    {}
}

@Article{Calabresi99a,
  author =       {Calabresi, P.  and Centonze, D.  and Gubellini, P.  and
Bernardi, G. },
  title =        {xxxActivation of \mbox{M1-like} muscarinic receptors is
required for the induction of corticostriatal \mbox{LTP}},
  journal =      {Neuropharmacology},
  year =         {1999},
  OPTkey =       {},
  volume =       {38},
  OPTnumber =    {},
  pages =        {323-326},
  OPTmonth =     {},
  OPTnote =      {a00216},
  OPTannote =    {}
}

@Article{Calabresi99b,
  author =       {Calabresi, P.  and Centonze, D.  and Gubellini, P.  and
Marfia, G. A.  and Bernardi, G. },
  title =        {Glutamate-triggered events inducing corticostriatal
long-term depression},
  journal =      {J.  Neurosci. },
  year =         {1999},
  OPTkey =       {},
  volume =       {19},
  OPTnumber =    {},
  pages =        {6102-6110},
  OPTmonth =     {},
  OPTnote =      {a00217},
  OPTannote =    {}
}

@Article{Calabresi95,
  author =       {Calabresi, P.  and Fedele, E.  and Pisani, A.  and Fontana,
G.  and Mercuri, N. B.  and Bernardi, G.  and Raiteri, M. },
  title =        {Transmitter release associated with long-term synaptic
depression in rat corticostriatal slices},
  journal =      {European J.  Neurosci. },
  year =         {1995},
  OPTkey =       {},
  volume =       {7},
  OPTnumber =    {},
  pages =        {1889-1894},
  OPTmonth =     {},
  OPTnote =      {a00218},
  OPTannote =    {}
}

@Article{Calabresi99c,
  author =       {Calabresi, P.  and Gubellini, P.  and Centonze, D.  and
Sancesario, G.  and Morello, M.  and Giorgi, M.  and Pisani, A.  and Bernardi,
G. },
  title =        {xxxA critical role of the nitric oxide/c\mbox{GMP} pathway
in corticostriatal long-term depression},
  journal =      {J.  Neurosci. },
  year =         {1999},
  OPTkey =       {},
  volume =       {19},
  OPTnumber =    {},
  pages =        {2489-2499},
  OPTmonth =     {},
  OPTnote =      {a00219},
  OPTannote =    {}
}

@Article{Calabresi92a,
  author =       {Calabresi, P.  and Maj, R.  and Mercuri, N. B.  and Bernardi,
G. },
  title =        {Coactivation of \mbox{D1 and D2} dopamine receptors is
required for long-term synaptic depression in the striatum},
  journal =      {Neurosci. Letters},
  year =         {1992},
  OPTkey =       {},
  volume =       {142},
  OPTnumber =    {},
  pages =        {95-99},
  OPTmonth =     {},
  OPTnote =      {a00220},
  OPTannote =    {}
}

@Article{Calabresi92b,
  author =       {Calabresi, P.  and Maj, R.  and Pisani, A.  and Mercuri, N. B.
and Bernardi, G. },
  title =        {Long-term synaptic depression in the striatum:
\mbox{Physiological} and pharmacological characterization},
  journal =      {J.  Neurosci. },
  year =         {1992},
  OPTkey =       {},
  volume =       {12},
  OPTnumber =    {},
  pages =        {4224-4233},
  OPTmonth =     {},
  OPTnote =      {a00221},
  OPTannote =    {}
}

@Article{Calabresi87,
  author =       {Calabresi, P.  and Mercuri, N.  and Stanzione, P.  and
Stefani, A.  and Bernardi, G. },
  title =        {Intracellular studies on the dopamine-induced firing
inhibition of neostriatal neurons in vitro: \mbox{Evidence} for \mbox{D1}
receptor involvement},
  journal =      {Neurosci.},
  year =         {1987},
  OPTkey =       {},
  volume =       {20},
  OPTnumber =    {},
  pages =        {757-771},
  OPTmonth =     {},
  OPTnote =      {a00222},
  OPTannote =    {}
}

@Article{Calabresi92c,
  author =       {Calabresi, P.  and Pisani, A.  and Mercuri, N. B.  and
Bernardi, G. },
  title =        {Long-term potentiation in striatum is unmasked by
removing the voltage-dependent magnesium block of \mbox{NMDA} receptor
channels},
  journal =      {European J.  Neurosci. },
  year =         {1992},
  OPTkey =       {},
  volume =       {4},
  OPTnumber =    {},
  pages =        {929-935},
  OPTmonth =     {},
  OPTnote =      {a00223},
  OPTannote =    {}
}

@Article{Centonze99,
  author =       {Centonze, D.  and Gubellini, P.  and Picconi, B.  and
Calabresi, P.  and Giacomini, P.  and Bernardi, G. },
  title =        {Unilateral dopamine denervation blocks corticostriatal
\mbox{LTP}},
  journal =      {J.  Neurophysiol. },
  year =         {1999},
  OPTkey =       {},
  volume =       {82},
  OPTnumber =    {},
  pages =        {3575-3579},
  OPTmonth =     {},
  OPTnote =      {a00224},
  OPTannote =    {}
}

@Article{Charpier97,
  author =       {Charpier, S.  and Deniau, J. M. },
  title =        {In vivo activity-dependent plasticity at
cortico-striatal connections: \mbox{Evidence} for physiological long-term
potentiation},
  journal =      {Proc.  Natl.  Acad.  Sci.  USA},
  year =         {1997},
  OPTkey =       {},
  volume =       {94},
  OPTnumber =    {},
  pages =        {7036-7040},
  OPTmonth =     {},
  OPTnote =      {a00225},
  OPTannote =    {}
}

@Article{Choi97,
  author =       {Choi, S.  and Lovinger, D. M. },
  title =        {Decreased probability of neuro-transmitter release
underlies long-term depression and postnatal development of corticostriatal
synapses},
  journal =      {Proc.  Natl.  Acad.  Sci.  USA},
  year =         {1997},
  OPTkey =       {},
  volume =       {94},
  OPTnumber =    {},
  pages =        {2665-2670},
  OPTmonth =     {},
  OPTnote =      {a00226},
  OPTannote =    {}
}

@Article{Hernandez97,
  author =       {Hernandez-Lopez, S.  and Bargas, J.  and Surmeier, D. J.  and
Reyes, A.  and Galarraga, E. },
  title =        {D1 receptor activation enhances evoked discharge in
neostriatal medium spiny neurons by modulating an \mbox{L-type Ca2+}
conductance},
  journal =      {J.  Neurosci. },
  year =         {1997},
  OPTkey =       {},
  volume =       {17},
  OPTnumber =    {},
  pages =        {3334-3342},
  OPTmonth =     {},
  OPTnote =      {a00227},
  OPTannote =    {}
}

@Article{Joyce87,
  author =       {Joyce, J. N.  and Marshall, J. F. },
  title =        {Quantitative autoradiography of dopamine \mbox{D2}
sites in rat caudate-putamen: \mbox{Localization} to intrinsic neurons and
not to neocortical afferents},
  journal =      {Neurosci.},
  year =         {1987},
  OPTkey =       {},
  volume =       {20},
  OPTnumber =    {},
  pages =        {773-795},
  OPTmonth =     {},
  OPTnote =      {a00228},
  OPTannote =    {}
}

@Article{Lovinger93,
  author =       {Lovinger, D. M.  and Tyler, E. C.  and Merritt, A. },
  title =        {Short- and long-term synaptic depression in rat
neostratium},
  journal =      {J.  Neurophysiol. },
  year =         {1993},
  OPTkey =       {},
  volume =       {70},
  OPTnumber =    {},
  pages =        {1937-1949},
  OPTmonth =     {},
  OPTnote =      {a00229},
  OPTannote =    {}
}

@Article{McGeorge89,
  author =       {McGeorge, A. J.  and Faull, R. L. },
  title =        {xxxThe organization of the projection from the cerebral
cortex to the striatum in the rat},
  journal =      {Neurosci.},
  year =         {1989},
  OPTkey =       {},
  volume =       {29},
  OPTnumber =    {},
  pages =        {503-537},
  OPTmonth =     {},
  OPTnote =      {a00230},
  OPTannote =    {}
}

@Article{Memo82,
  author =       {Memo, M.  and Lovenberg, W.  and Hanbauer, I. },
  title =        {Agonist-induced subsensitivity of adenylate cyclase
coupled with a dopamine receptor in slices from rat corpus striatum},
  journal =      {Proc.  Natl.  Acad.  Sci.  USA},
  year =         {1982},
  OPTkey =       {},
  volume =       {79},
  OPTnumber =    {},
  pages =        {4456-4460},
  OPTmonth =     {},
  OPTnote =      {a00231},
  OPTannote =    {}
}

@Article{Nicola00,
  author =       {Nicola, S. M.  and Surmeier, J.  and Malenka, R. C. },
  title =        {Dopaminergic modulation of neuronal excitability in the
striatum and nucleus accumbens},
  journal =      {Ann.  Rev.  Neurosci. },
  year =         {2000},
  OPTkey =       {},
  volume =       {23},
  OPTnumber =    {},
  pages =        {185-215},
  OPTmonth =     {},
  OPTnote =      {a00233},
  OPTannote =    {}
}

@Article{Pacheco96,
  author =       {Pacheco-Cano, M. T.  and Bargas, J.  and Hernandez-Lopez, S.
and Tapia, D.  and Galarraga, E. },
  title =        {Inhibitory action of dopamine involves a subthreshold
\mbox{$Cs^+$-}sensitive conductance in neostriatal neurons},
  journal =      {Exp. Brain Res.},
  year =         {1996},
  OPTkey =       {},
  volume =       {110},
  OPTnumber =    {},
  pages =        {205-211},
  OPTmonth =     {},
  OPTnote =      {a00234},
  OPTannote =    {}
}

@Article{Partridge00,
  author =       {Partridge, J. G.  and Tang, K. C.  and Lovinger, D. M. },
  title =        {Regional and postnatal heterogeneity of
activity-dependent long-term changes in synaptic efficacy in the dorsal
striatum},
  journal =      {J.  Neurophysiol. },
  year =         {2000},
  OPTkey =       {},
  volume =       {84},
  OPTnumber =    {},
  pages =        {1422-1429},
  OPTmonth =     {},
  OPTnote =      {a00235},
  OPTannote =    {}
}

@Article{Pennartz93,
  author =       {Pennartz, C. M.  and Ameerun, R. F.  and Groenewegen, H. J.  and
Lopes da Silva, F. H. },
  title =        {Synaptic plasticity in an in vitro slice preparation of
the rat nucleus accumbens},
  journal =      {European J.  Neurosci. },
  year =         {1993},
  OPTkey =       {},
  volume =       {5},
  OPTnumber =    {},
  pages =        {107-117},
  OPTmonth =     {},
  OPTnote =      {a00236},
  OPTannote =    {}
}

@Article{Russell92,
  author =       {Russell, V. A.  and Allin, R.  and Lamm, M. C.  and Taljaard,
J. J. },
  title =        {Regional distribution of monoamines and dopamine
\mbox{D1- and D2-}receptors in the striatum of the rat},
  journal =      {Neurochemical Res.},
  year =         {1992},
  OPTkey =       {},
  volume =       {17},
  OPTnumber =    {},
  pages =        {387-395},
  OPTmonth =     {},
  OPTnote =      {a00237},
  OPTannote =    {}
}

@Article{Spencer00,
  author =       {Spencer, J. P.  and Murphy, K. P. },
  title =        {Bi-directional changes in synaptic plasticity induced
at corticostriatal synapses in vitro},
  journal =      {Exp. Brain Res.},
  year =         {2000},
  OPTkey =       {},
  volume =       {135},
  OPTnumber =    {},
  pages =        {497-503},
  OPTmonth =     {},
  OPTnote =      {a00238},
  OPTannote =    {}
}

@Article{Surmeier93,
  author =       {Surmeier, D. J.  and Kitai, S. T. },
  title =        {D1 and \mbox{D2} dopamine receptor modulation of sodium
and potassium currents in rat neostriatal neurons},
  journal =      {Prog. Brain Res.},
  year =         {1993},
  OPTkey =       {},
  volume =       {99},
  OPTnumber =    {},
  pages =        {309-324},
  OPTmonth =     {},
  OPTnote =      {a00239},
  OPTannote =    {}
}

@Article{Tang01,
  author =       {Tang, K.  and Low, M. J.  and Grandy, D. K.  and Lovinger,
D. M. },
  title =        {Dopamine-dependent synaptic plasticity in striatum
during in vivo development},
  journal =      {Proc.  Natl.  Acad.  Sci.  USA},
  year =         {2001},
  OPTkey =       {},
  volume =       {98},
  OPTnumber =    {},
  pages =        {1255-1260},
  OPTmonth =     {},
  OPTnote =      {a00240},
  OPTannote =    {}
}

@Article{Umemiya97,
  author =       {Umemiya, M.  and Raymond, L. A. },
  title =        {Dopaminergic modulation of excitatory postsynaptic
currents in rat neostriatal neurons},
  journal =      {J.  Neurophysiol. },
  year =         {1997},
  OPTkey =       {},
  volume =       {78},
  OPTnumber =    {},
  pages =        {1248-1255},
  OPTmonth =     {},
  OPTnote =      {a00241},
  OPTannote =    {}
}

@Article{Walsh93a,
  author =       {Walsh, J. P. },
  title =        {Depression of excitatory synaptic input in rat striatal
neurons},
  journal =      {Brain Res.},
  year =         {1993},
  OPTkey =       {},
  volume =       {608},
  OPTnumber =    {},
  pages =        {123-128},
  OPTmonth =     {},
  OPTnote =      {a00242},
  OPTannote =    {}
}

@Article{Walsh93b,
  author =       {Walsh, J. P.  and Dunia, R. },
  title =        {Synaptic activation of \mbox{N-methyl-D-aspartate}
receptors induces short-term potentiation at excitatory synapses in the
striatum of the rat},
  journal =      {Neurosci.},
  year =         {1993},
  OPTkey =       {},
  volume =       {57},
  OPTnumber =    {},
  pages =        {241-248},
  OPTmonth =     {},
  OPTnote =      {a00243},
  OPTannote =    {}
}

@Article{Wickens96,
  author =       {Wickens, J. R.  and Begg, A. J.  and Arbuthnott, G. W. },
  title =        {Dopamine reverses the depression of rat corticostriatal
synapses which normally follows high-frequency stimulation of cortex in
vitro},
  journal =      {Neurosci.},
  year =         {1996},
  OPTkey =       {},
  volume =       {70},
  OPTnumber =    {},
  pages =        {1-5},
  OPTmonth =     {},
  OPTnote =      {a00244},
  OPTannote =    {}
}

@Article{Calabresi96,
  author =       {Calabresi, P.  and Pisani, A.  and Mercuri, N. B.  and
Bernardi, G. },
  title =        {The corticostriatal projection: \mbox{F}rom synaptic
plasticity to dysfunctions of the basal ganglia},
  journal =      {Trends Neurosci. },
  year =         {1996},
  OPTkey =       {},
  volume =       {19},
  OPTnumber =    {},
  pages =        {19-24},
  OPTmonth =     {},
  OPTnote =      {a00245},
  OPTannote =    {}
}

@Article{Charpier99,
  author =       {Charpier, S.  and Mahon, S.  and Deniau, J. M. },
  title =        {In vivo induction of striatal long-term potentiation by
low-frequency stimulation of the cerebral cortex},
  journal =      {Neurosci.},
  year =         {1999},
  OPTkey =       {},
  volume =       {91},
  OPTnumber =    {},
  pages =        {1209-1222},
  OPTmonth =     {},
  OPTnote =      {a00246},
  OPTannote =    {}
}

@Article{Yamamoto99,
  author =       {Yamamoto, Y.  and Nakanishi, H.  and Takai, N.  and Shimazoe,
T.  and Watanabe, S.  and Kita, H. },
  title =        {Expression of \mbox{N-methyl-D-aspartate}
receptor-dependent long-term potentiation in the neostriatal neurons in an
in vitro slice after ethanol withdrawal of the rat},
  journal =      {Neurosci.},
  year =         {1999},
  OPTkey =       {},
  volume =       {91},
  OPTnumber =    {},
  pages =        {59-68},
  OPTmonth =     {},
  OPTnote =      {a00247},
  OPTannote =    {}
}

@Article{Berger88,
  author =       {Berger, B.  and Trottier, S.  and Verney, C.  and Gaspar, P.
and Alvarez, C. },
  title =        {Regional and laminar distribution of the dopamine and
serotonin innervation in the macaque cerebral cortex: \mbox{A}
radioautographic study},
  journal =      {J.  Comput.  Neurol. },
  year =         {1988},
  OPTkey =       {},
  volume =       {273},
  OPTnumber =    {},
  pages =        {99-119},
  OPTmonth =     {},
  OPTnote =      {a00248},
  OPTannote =    {}
}

@Article{Brown83,
  author =       {Brown, J. R.  and Arbuthnott, G. W. },
  title =        {The electrophysiology of dopamine \mbox{D2} receptors:
\mbox{A} study of the actions of dopamine on corticostriatal transmission},
  journal =      {Neurosci.},
  year =         {1983},
  OPTkey =       {},
  volume =       {10},
  OPTnumber =    {},
  pages =        {349-355},
  OPTmonth =     {},
  OPTnote =      {a00249},
  OPTannote =    {}
}

@Article{Hassani01,
  author =       {Hassani, O. K.  and Cromwell, H. C.  and Schultz, W. },
  title =        {Influence of expectation of different rewards on
behavior-related neuronal activity in the striatum},
  journal =      {J.  Neurophysiol. },
  year =         {2001},
  OPTkey =       {},
  volume =       {85},
  OPTnumber =    {},
  pages =        {2477-2489},
  OPTmonth =     {},
  OPTnote =      {a00251},
  OPTannote =    {}
}

@Article{Kawagoe98,
  author =       {Kawagoe, R.  and Takikawa, Y.  and Hikosaka, O. },
  title =        {Expectation of reward modulates cognitive signals in
the basal ganglia},
  journal =      {Nat.  Neurosci. },
  year =         {1998},
  OPTkey =       {},
  volume =       {1},
  OPTnumber =    {},
  pages =        {411-416},
  OPTmonth =     {},
  OPTnote =      {a00252},
  OPTannote =    {}
}

@Article{Ljungberg92,
  author =       {Ljungberg, T.  and Apicella, P.  and Schultz, W. },
  title =        {Responses of monkey dopamine neurons during learning of
behavioral reactions},
  journal =      {J.  Neurophysiol. },
  year =         {1992},
  OPTkey =       {},
  volume =       {67},
  OPTnumber =    {},
  pages =        {145-163},
  OPTmonth =     {},
  OPTnote =      {a00253},
  OPTannote =    {}
}

@Article{Lynd94,
  author =       {Lynd-Balta, E.  and Haber, S. N. },
  title =        {Primate striatonigral projections: a comparison of the
sensorimotor-related striatum and the ventral striatum},
  journal =      {J.  Comp.  Neurol. },
  year =         {1994},
  OPTkey =       {},
  volume =       {345},
  OPTnumber =    {},
  pages =        {562-578},
  OPTmonth =     {},
  OPTnote =      {a00254},
  OPTannote =    {}
}

@Article{Miller81,
  author =       {Miller, J. D.  and Sanghera, M. K.  and German, D. C. },
  title =        {Mesencephalic dopaminergic unit activity in the
behaviorally conditioned rat},
  journal =      {Life Sci. },
  year =         {1981},
  OPTkey =       {},
  volume =       {29},
  OPTnumber =    {},
  pages =        {1255-1263},
  OPTmonth =     {},
  OPTnote =      {a00255},
  OPTannote =    {}
}

@Article{Redgrave99,
  author =       {Redgrave, P.  and Prescott, T. J.  and Gurney, K. },
  title =        {Is the short-latency dopamine response too short to
signal reward?},
  journal =      {Trends Neurosci. },
  year =         {1999},
  OPTkey =       {},
  volume =       {22},
  OPTnumber =    {},
  pages =        {146-151},
  OPTmonth =     {},
  OPTnote =      {a00256},
  OPTannote =    {}
}

@Article{Schultz86,
  author =       {Schultz, W. },
  title =        {Responses of midbrain dopamine neurons to behavioral
trigger stimuli in the monkey},
  journal =      {J.  Neurophysiol. },
  year =         {1986},
  OPTkey =       {},
  volume =       {56},
  OPTnumber =    {},
  pages =        {1439-1462},
  OPTmonth =     {},
  OPTnote =      {a00258},
  OPTannote =    {}
}

@Article{Toan85,
  author =       {Toan, D. L.  and Schultz, W. },
  title =        {Responses of rat pallidum cells to cortex stimulation
and effects of altered dopaminergic activity},
  journal =      {Neurosci.},
  year =         {1985},
  OPTkey =       {},
  volume =       {15},
  OPTnumber =    {},
  pages =        {683-694},
  OPTmonth =     {},
  OPTnote =      {a00259},
  OPTannote =    {}
}

@Article{Yim82,
  author =       {Yim, C. Y.  and Mogenson, G. J. },
  title =        {Response of nucleus accumbens neurons to amygdala
stimulation and its modification by dopamine},
  journal =      {Brain Res. },
  year =         {1982},
  OPTkey =       {},
  volume =       {239},
  OPTnumber =    {},
  pages =        {401-415},
  OPTmonth =     {},
  OPTnote =      {a00260},
  OPTannote =    {}
}

@Article{Williams93,
  author =       {Williams, S. M.  and Goldman-Rakic, P. S. },
  title =        {Characterization of the dopaminergic innervation of the
primate frontal cortex using a dopamine-specific antibody},
  journal =      {Cereb.  Cortex},
  year =         {1993},
  OPTkey =       {},
  volume =       {3},
  OPTnumber =    {},
  pages =        {199-222},
  OPTmonth =     {},
  OPTnote =      {a00261},
  OPTannote =    {}
}

@Article{Villarreal02,
  author =       {Villarreal, D. M.  and Do, V.  and Haddad, E.  and Derrick,
B. E. },
  title =        {xxx\mbox{NMDA} receptor antagonists sustain \mbox{LTP} and
spatial memory: active processes mediate \mbox{LTP} decay},
  journal =      {Nat.  Neurosci. },
  year =         {2002},
  OPTkey =       {},
  volume =       {5},
  number =       {1},
  pages =        {48-52},
  OPTmonth =     {},
  OPTnote =      {a00262},
  OPTannote =    {}
}

@Article{Fu02,
  author =       {Fu, Y. X.  and Djupsund, K.  and Gao, H.  and Hayden, B.  and
Shen, K.  and Dan, Y. },
  title =        {xxxTemporal specificity in the cortical plasticity of
visual space representation},
  journal =      {Science},
  year =         {2002},
  OPTkey =       {},
  volume =       {296},
  OPTnumber =    {},
  pages =        {1999-2003},
  OPTmonth =     {},
  OPTnote =      {a00263},
  OPTannote =    {}
}

@Article{Hull39,
  author =       {Hull, C. L. },
  title =        {The problem of stimulus equivalence in behavior
theory},
  journal =      {Psychological Review},
  year =         {1939},
  OPTkey =       {},
  volume =       {46},
  OPTnumber =    {},
  pages =        {9--30},
  OPTmonth =     {},
  OPTnote =      {a00265},
  OPTannote =    {}
}

@Article{Prokasy62,
  author =       {Prokasy, W. F.  and Hall, J. F.  and Fawcett, J. T. },
  title =        {Adaptation, sensitization, forward and backward
conditioning, and pseudo-conditioning of the {GSR}},
  journal =      {Psychol.  Rep. },
  year =         {1962},
  OPTkey =       {},
  volume =       {10},
  OPTnumber =    {},
  pages =        {103--106},
  OPTmonth =     {},
  OPTnote =      {a00266},
  OPTannote =    {}
}

@Article{Grossberg95,
  author =       {Grossberg, S. },
  title =        {A spectral network model of pitch perception},
  journal =      {J.  Acoust.  Soc.  Am. },
  year =         {1995},
  OPTkey =       {},
  volume =       {98},
  number =       {2},
  pages =        {862--879},
  OPTmonth =     {},
  OPTnote =      {a00272},
  OPTannote =    {}
}

@Article{Grossberg96,
  author =       {Grossberg, S.  and Merrill, J. },
  title =        {The hippocampus and cerebellum in adaptively timed
learning, recognition and movement},
  journal =      {J.  Cogn.  Neurosci. },
  year =         {1996},
  OPTkey =       {},
  volume =       {8},
  OPTnumber =    {},
  pages =        {257--277},
  OPTmonth =     {},
  OPTnote =      {a00273},
  OPTannote =    {}
}

@Article{Grossberg89,
  author =       {Grossberg, S.  and Schmajuk, N. },
  title =        {Neural dynamics of adaptive timing and temporal
discrimination during associative learning},
  journal =      {Neural Networks},
  year =         {1989},
  OPTkey =       {},
  volume =       {2},
  OPTnumber =    {},
  pages =        {79--102},
  OPTmonth =     {},
  OPTnote =      {a00274},
  OPTannote =    {}
}

@Article{Kurata88,
  author =       {Kurata, K.  and Wise, S. P. },
  title =        {Premotor and supplementary motor cortex in rhesus
monkeys: {Neuronal} activity during externally- and internally-instructed
motor tasks},
  journal =      {Exp.  Brain Res. },
  year =         {1988},
  OPTkey =       {},
  volume =       {72},
  OPTnumber =    {},
  pages =        {237--248},
  OPTmonth =     {},
  OPTnote =      {a00275},
  OPTannote =    {}
}

@Article{Dayan02,
  author =       {Dayan, P. },
  title =        {Matters temporal},
  journal =      {Trends Cogn.  Sci. },
  year =         {2002},
  OPTkey =       {},
  volume =       {6},
  number =       {3},
  pages =        {105--106},
  OPTmonth =     {},
  OPTnote =      {a00276},
  OPTannote =    {}
}

@Article{Bunney91,
  author =       {Bunney, B. S.  and Chiodo, L. A.  and Grace, A. A. },
  title =        {Midbrain dopamine system electrophysiological
functioning: {A} review and new hypothesis},
  journal =      {Synapse},
  year =         {1991},
  OPTkey =       {},
  volume =       {9},
  OPTnumber =    {},
  pages =        {79--94},
  OPTmonth =     {},
  OPTnote =      {a00277},
  OPTannote =    {}
}

@Article{Gerfen84,
  author =       {Gerfen, C. R. },
  title =        {The neostriatal mosaic: {Compartmentalization} of
corticostriatal input and striatonigral output systems},
  journal =      {Nature},
  year =         {1984},
  OPTkey =       {},
  volume =       {311},
  OPTnumber =    {},
  pages =        {461--464},
  OPTmonth =     {},
  OPTnote =      {a00278},
  OPTannote =    {}
}

@Article{Gerfen85,
  author =       {Gerfen, C. R. },
  title =        {The neostriatal mosaic.  I.  {Compartmental}
organization of projections from the striatum to the substantia nigra in the
rat},
  journal =      {J.  Comp.  Neurol. },
  year =         {1985},
  OPTkey =       {},
  volume =       {236},
  OPTnumber =    {},
  pages =        {454--476},
  OPTmonth =     {},
  OPTnote =      {a00279},
  OPTannote =    {}
}

@Article{Gerfen92,
  author =       {Gerfen, C. R. },
  title =        {The neostriatal mosaic: {Multiple} levels of
compartmental organization in the basal ganglia},
  journal =      {Annu.  Rev.  Neurosci. },
  year =         {1992},
  OPTkey =       {},
  volume =       {15},
  OPTnumber =    {},
  pages =        {285--320},
  OPTmonth =     {},
  OPTnote =      {a00280},
  OPTannote =    {}
}

@Article{Gerfen87,
  author =       {Gerfen, C. R.  and Herkenham, M.  and Thibault, J. },
  title =        {The neostriatal mosaic: {II.  Patch-} and matrix-
directed mesostriatal dopaminergic and non-dopaminergic systems},
  journal =      {J.  Neurosci. },
  year =         {1987},
  OPTkey =       {},
  volume =       {7},
  OPTnumber =    {},
  pages =        {3915--3934},
  OPTmonth =     {},
  OPTnote =      {a00281},
  OPTannote =    {}
}

@Article{Groenewegen90,
  author =       {Groenewegen, H. J.  and Berendse, H. W.  and Wolters, J. G.  and
Lohman, A. H. M. },
  title =        {The anatomical relationship of the prefrontal cortex
with the striatopallidal system, the thalamus and the amygdala: {Evidence}
for a parallel organization},
  journal =      {Prog.  Brain Res. },
  year =         {1990},
  OPTkey =       {},
  volume =       {85},
  OPTnumber =    {},
  pages =        {95--118},
  OPTmonth =     {},
  OPTnote =      {a00282},
  OPTannote =    {}
}

@Article{Haber00,
  author =       {Haber, S. N.  and Fudge, J. L.  and McFarland, N. R. },
  title =        {Striatonigrostriatal pathways in primates form an
ascending spiral from the shell to the dorsolateral striatum},
  journal =      {J.  Neurosci. },
  year =         {2000},
  OPTkey =       {},
  volume =       {20},
  OPTnumber =    {},
  pages =        {2369--2382},
  OPTmonth =     {},
  OPTnote =      {a00283},
  OPTannote =    {}
}

@Article{Joel00,
  author =       {Joel, D.  and Weiner, I. },
  title =        {The connections of the dopaminergic system with the
striatum in rats and primates: {An} analysis with respect to the functional
and compartmental organization of the striatum},
  journal =      {Neurosci.},
  year =         {2000},
  OPTkey =       {},
  volume =       {96},
  OPTnumber =    {},
  pages =        {451--474},
  OPTmonth =     {},
  OPTnote =      {a00284},
  OPTannote =    {}
}

@Article{Overton97,
  author =       {Overton, P. G.  and Clark, D. },
  title =        {Burst firing in midbrain dopaminergic neurons},
  journal =      {Brain Res.  Rev. },
  year =         {1997},
  OPTkey =       {},
  volume =       {25},
  OPTnumber =    {},
  pages =        {312--334},
  OPTmonth =     {},
  OPTnote =      {a00285},
  OPTannote =    {}
}

@Article{Parent90,
  author =       {Parent, A. },
  title =        {Extrinsic connections of the basal ganglia},
  journal =      {Trends Neurosci. },
  year =         {1990},
  OPTkey =       {},
  volume =       {13},
  OPTnumber =    {},
  pages =        {254--258},
  OPTmonth =     {},
  OPTnote =      {a00286},
  OPTannote =    {}
}

@Article{Pucak94,
  author =       {Pucak, M. L.  and Grace, A. A. },
  title =        {Regulation of substantia nigra dopamine neurons},
  journal =      {Crit.  Rev.  Neurobiol. },
  year =         {1994},
  OPTkey =       {},
  volume =       {9},
  OPTnumber =    {},
  pages =        {67--89},
  OPTmonth =     {},
  OPTnote =      {},
  OPTannote =    {}
}

@Article{Schultz92,
  author =       {Schultz, W.  and Apiccela, P.  and Scarnati, E.  and
Ljungberg, T. },
  title =        {Neuronal activity in monkey ventral striatum related to
the expectation of reward},
  journal =      {J.  Neurosci. },
  year =         {1992},
  OPTkey =       {},
  volume =       {12},
  OPTnumber =    {},
  pages =        {4595--4610},
  OPTmonth =     {},
  OPTnote =      {a00288},
  OPTannote =    {}
}

@Article{Saudargiene04,
  author =       {Saudargiene, A.  and Porr, B.  and W{\"o}rg{\"o}tter, F. },
  title =        {How the shape of pre- and postsynaptic signals can influence \mbox{STDP}: a biophysical model},
  journal =      {Neural Comp.},
  year =         {2004},
  OPTkey =       {},
  volume =       {16},
  OPTnumber =    {},
  pages =        {595--626},
  OPTmonth =     {},
  OPTnote =      {},
  OPTannote =    {}
}

@Article{Saudargiene05a,
  author =       {Saudargiene, A.  and Porr, B.  and W{\"o}rg{\"o}tter, F. },
  title =        {Local learning rules: predicted influence of dendritic location on synaptic modification in spike-timing-dependent plasticity},
  journal =      {Biol. Cybern.},
  year =         {2005},
  OPTkey =       {},
  volume =       {92},
  OPTnumber =    {},
  pages =        {128--138},
  OPTmonth =     {},
  OPTnote =      {},
  OPTannote =    {}
}

@Article{Saudargiene05b,
  author =       {Saudargiene, A.  and Porr, B.  and W{\"o}rg{\"o}tter, F. },
  title =        {Synaptic modifications depend on synapse location and activity: a biophysical model of \mbox{STDP}},
  journal =      {Biosystems},
  year =         {2005},
  OPTkey =       {},
  volume =       {79},
  OPTnumber =    {},
  pages =        {3--10},
  OPTmonth =     {},
  OPTnote =      {},
  OPTannote =    {}
}

@Article{Bell97,
  author =       {Bell, C. C.  and Han, V. Z.  and Sugawara, Y.  and Grant K. },
  title =        {Synaptic plasticity in a cerebellum-like structure
depends on temporal order},
  journal =      {Nature},
  year =         {1997},
  OPTkey =       {},
  volume =       {387},
  OPTnumber =    {},
  pages =        {278--281},
  OPTmonth =     {},
  OPTnote =      {a00342},
  OPTannote =    {}
}

@Article{Bi98,
  author =       {Bi, G. -Q.  and Poo, M. -M. },
  title =        {Synaptic modifications in cultured hippocampal neurons:
dependence on spike timing, synaptic strength, and postsynaptic cell type},
  journal =      {J.  Neurosci. },
  year =         {1998},
  OPTkey =       {},
  volume =       {18},
  OPTnumber =    {},
  pages =        {10464--10472},
  OPTmonth =     {},
  OPTnote =      {a00343},
  OPTannote =    {}
}

@Article{Han00,
  author =       {Han, V. Z.  and Grant, K.  and Bell, C. C. },
  title =        {Reversible associative depression and nonassociative
potentiation at a parallel fiber synapse},
  journal =      {Neuron},
  year =         {2000},
  OPTkey =       {},
  volume =       {27},
  OPTnumber =    {},
  pages =        {611--622},
  OPTmonth =     {},
  OPTnote =      {a00343},
  OPTannote =    {}
}

@Article{Altar90,
  author =       {Altar, C. A.  and Boyar, W. C.  and Kim, H. S. },
  title =        {Discriminatory roles for \mbox{D1 and D2} dopamine
receptor subtypes in the in vivo control of neostriatal cyclic \mbox{GMP}},
  journal =      {Eur.  J.  Pharmacol. },
  year =         {1990},
  OPTkey =       {},
  volume =       {181},
  OPTnumber =    {},
  pages =        {17--21},
  OPTmonth =     {},
  OPTnote =      {a00344},
  OPTannote =    {}
}

@Article{Bibb99,
  author =       {Bibb, J. A.  and Snyder, G. L.  and Nishi, A.  and Yan, Z.  and
Meijer, L.  and Fienberg, A. A.  and Tsai, L. H.  and Kwon, Y. T.  and Girault,
J. A.  and Czernik, A. J.  and Huganir, R. L.  and Hemmings, H. C.  and Nairn,
A. C.  and Greengard, P. },
  title =        {Phosphorylation of \mbox{DARPP-32 by Cdk5} modulates
dopamine signalling in neurons},
  journal =      {Nature},
  year =         {1999},
  OPTkey =       {},
  volume =       {402},
  OPTnumber =    {},
  pages =        {669--671},
  OPTmonth =     {},
  OPTnote =      {a00345},
  OPTannote =    {}
}

@Article{Morris97,
  author =       {Morris, B. J.  and Simpson, C. S.  and Mundell, S.  and
Maceachern, K.  and Johnston, H. M.  and Nolan, A. M. },
  title =        {Dynamic changes in \mbox{NADPH-diaphorase} staining
reflect activity of nitric oxide synthase: evidence for a dopaminergic
regulation of striatal nitric oxide release},
  journal =      {Neuropharmacology},
  year =         {1997},
  OPTkey =       {},
  volume =       {36},
  OPTnumber =    {},
  pages =        {1589--1599},
  OPTmonth =     {},
  OPTnote =      {a00346},
  OPTannote =    {}
}

@Article{Tingley97,
  author =       {Tingley, W. G.  and Ehlers, M. D.  and Kameyama, K.  and
Doherty, C.  and Ptak, J. B.  and Riley, C. T.  and Huganir, R. L. },
  title =        {Characterization of the protein kinase \mbox{A} and
protein kinase \mbox{C} phosphorylation of the \mbox{N-methyl-D-aspartate
receptor NR1} subunit using phosphorylation site-specific antibodies},
  journal =      {J.  Biol.  Chem. },
  year =         {1997},
  OPTkey =       {},
  volume =       {272},
  OPTnumber =    {},
  pages =        {5157--5166},
  OPTmonth =     {},
  OPTnote =      {a00347},
  OPTannote =    {}
}

@Article{Woergoetter05,
  author =       {W{\"o}rg{\"o}tter, F. and Porr, B.},
  title =        {Temporal Sequence Learning for Prediction and Control - A review of different models and their relation to biological mechanisms},
  journal =      {Neural Comp.},
  year =         {2005},
  OPTkey =       {},
  volume =       {17},
  OPTnumber =    {},
  pages =        {245--319},
  OPTmonth =     {},
  OPTnote =      {},
  OPTannote =    {}
}

@Article{Wu01,
  author =       {Wu, Y. and Batalama, S.N.},
  title =        {Improved one-shot learning for feedforward associative memories with application to composite pattern association},
  journal =      {IEEE Transactions on Systems, Man, and Cybernetics-Part B:Cybernetics},
  year =         {2001},
  OPTkey =       {},
  volume =       {31},
  number =       {1},
  pages =        {119-125},
  month =        {February},
  OPTnote =      {},
  OPTannote =    {}
}

@Article{Humeau03,
  author =       {Humeau, Y. and Shaban, H. and Bissiere, S. and Luthi, A.},
  title =        {Presynaptic induction of heterosynaptic associative plasticity in the mammalian brain},
  journal =      {Nature},
  year =         {2003},
  OPTkey =       {},
  volume =       {426},
  number =       {6968},
  pages =        {841-845},
  month =        {December},
  OPTnote =      {},
  OPTannote =    {}
}

@Article{Porr03c,
  author =       {Porr, B.  and W{\"o}rg{\"o}tter, F. },
  title =        {Isotropic sequence order learning in a closed loop behavioural system},
  journal =      {Philosophical Transactions of the Royal Society A: Mathematical, Physical & Engineering Sciences},
  year =         {2003},
  OPTkey =       {},
  volume =       {361},
  number =       {1811},
  pages =        {2225-2244},
  OPTmonth =     {},
  OPTnote =      {},
  OPTannote =    {}
}

@InProceedings{Panchev01,
  author =       {Panchev, C.  and Wermter, S. },
  title =        {xxxHebbian Spike-Timing Dependent Self-organization in
pulsed
neural networks},
  booktitle =    {Proc.  World Congr.  Neuroinf. , Vienna,
Austria},
  OPTcrossref =  {},
  OPTkey =       {},
  pages =        {378-385},
  year =         {Sept.  2001},
  OPTeditor =    {},
  OPTvolume =    {},
  OPTnumber =    {},
  OPTseries =    {},
  OPTaddress =   {},
  OPTmonth =     {},
  OPTorganization = {},
  OPTpublisher = {},
  OPTnote =      {a00022},
  OPTannote =    {}
}

@InProceedings{Wespatat04,
  author =       {Wespatat, V. and Tennigkeit, F. and Singer, W.},
  title =        {Hebbian plasticity rules in fast oscillating visual cortical cells},
  booktitle =    {\mbox{FENS} Forum Abstracts},
  OPTcrossref =  {},
  OPTkey =       {},
  pages =        {A031.2},
  year =         {2004},
  OPTeditor =    {},
  volume =       {2},
  OPTnumber =    {},
  OPTseries =    {},
  OPTaddress =   {},
  OPTmonth =     {},
  organization = {FENS Lisbon},
  OPTpublisher = {},
  OPTnote =      {a00022},
  OPTannote =    {}
}

@InProceedings{Holthoff05,
  author =       {Holthoff, K. and Kovalchuk, Y. and Yuste, R. and Konnerth, A.},
  title =        {Single-shock plasticity induced by local dendritic spikes},
  booktitle =    {Proc. G\"ottingen NWG Conference},
  OPTcrossref =  {},
  OPTkey =       {},
  pages =        {245B},
  year =         {2005},
  OPTeditor =    {},
  OPTvolume =    {},
  OPTnumber =    {},
  OPTseries =    {},
  OPTaddress =   {},
  OPTmonth =     {},
  OPTorganization = {},
  OPTpublisher = {},
  OPTnote =      {a00022},
  OPTannote =    {}
}

@InProceedings{Kepecs01,
  author =       {Kepecs, A.  and Raghavachari, S. },
  title =        {xxx3 state neurons for contextual processing},
  booktitle =    {\mbox{NIPS} 2001, online-Proceedings},
  OPTcrossref =  {},
  OPTkey =       {},
  OPTpages =     {},
  OPTyear =      {},
  OPTeditor =    {},
  OPTvolume =    {},
  OPTnumber =    {},
  OPTseries =    {},
  OPTaddress =   {},
  OPTmonth =     {},
  OPTorganization = {},
  OPTpublisher = {},
  OPTnote =      {a00141},
  OPTannote =    {}
}

  @InProceedings{Xie00,
  author =       {Xie, X.  and Seung, S. },
  title =        {Spike-based learning rules and stabilization of persistent
neural activity},
  booktitle =    {Advances in Neural Information Processing Systems},
  OPTcrossref =  {},
  OPTkey =       {},
  pages =        {199-208},
  year =         {2000},
  editor =       {S.  A.  Solla and T.  K.  Leen and K. -R.  M{\"u}ller},
  volume =       {12},
  OPTnumber =    {},
  OPTseries =    {},
  address =      {Cambridge, MA},
  OPTmonth =     {},
  OPTorganization = {},
  publisher =    {\mbox{MIT} Press},
  OPTnote =      {a00025},
  OPTannote =    {}
}

@InProceedings{Klopf86,
  author =       {Klopf, A.  H. },
  title =        {A drive-reinforcement model of single neuron function},
  booktitle =    {Neural networks for computing: \mbox{AIP Conf.  Proc. }},
  OPTcrossref =  {},
  OPTkey =       {},
  OPTpages =     {},
  year =         {1986},
  editor =       {J.  S.  Denker},
  volume =       {151},
  OPTnumber =    {},
  OPTseries =    {},
  OPTaddress =   {},
  OPTmonth =     {},
  organization = {New York: American Institute of Physics},
  OPTpublisher = {},
  OPTnote =      {},
  OPTannote =    {}
}

@InProceedings{Kosco86,
  author =       {Kosco, B. },
  title =        {Differential \mbox{Hebbian} learning},
  booktitle =    {Neural networks for computing: \mbox{AIP Conference Proc. }
proceedings},
  OPTcrossref =  {},
  OPTkey =       {},
  OPTpages =     {},
  year =         {1986},
  editor =       {J.  S.  Denker},
  volume =       {151},
  OPTnumber =    {},
  OPTseries =    {},
  OPTaddress =   {},
  OPTmonth =     {},
  organization = {New York: American Institute of Physics},
  OPTpublisher = {},
  OPTnote =      {a00098},
  OPTannote =    {}
}

@InProceedings{Panchev02,
  author =       {Panchev, C.  and Wermter, S.  and Chen, H. },
  title =        {Spike-timing dependent competitive learning of
integrate-and-fire neurons with active dendrites},
  booktitle =    {Lecture Notes in Computer Science.  Proc.  Int.  Conf.
Artificial Neural Networks},
  OPTcrossref =  {},
  OPTkey =       {},
  pages =        {896-901},
  year =         {2002},
  OPTeditor =    {},
  OPTvolume =    {},
  OPTnumber =    {},
  OPTseries =    {},
  OPTaddress =   {},
  month =        {August},
  OPTorganization = {},
  publisher =    {Springer},
  OPTnote =      {a00027},
  OPTannote =    {}
}

@InProceedings{Sterratt02,
  author =       {Sterratt, D.  C.  and van Ooyen, A. },
  title =        {Does Morphology Influence Temporal Plasticity},
  booktitle =    {ICANN 2002},
  OPTcrossref =  {},
  OPTkey =       {},
  pages =        {186-191},
  year =         {2002},
  editor =       {Dorronsoro, J.  R. },
  volume =       {LNCS 2415},
  OPTnumber =    {},
  OPTseries =    {},
  OPTaddress =   {},
  OPTmonth =     {},
  OPTorganization = {},
  publisher =    {Springer-Verlag Berlin, Heidelberg},
  OPTnote =      {a00019},
  OPTannote =    {}
}

@InProceedings{Seung98,
  author =       {Seung, H.  S. },
  title =        {Learning continous attractors in recurrent networks},
  booktitle =    {Advances in Neural Information Processing Systems},
  OPTcrossref =  {},
  OPTkey =       {},
  pages =        {654-660},
  year =         {1998},
  editor =       {M.  Kearns and M.  Jordan and S.  Solla},
  OPTvolume =    {10},
  OPTnumber =    {},
  OPTseries =    {},
  address =      {Cambridge, MA},
  OPTmonth =     {},
  OPTorganization = {},
  publisher =    {MIT Press},
  OPTnote =      {},
  OPTannote =    {}
}

@InProceedings{Abbott99,
  author =       {Abbott, L.  S.  and Song, S. },
  title =        {Temporal asymmetric \mbox{Hebbian} learning, spike
timing and
neuronal response variability},
  booktitle =    {Advances in Neural Information Processing Systems},
  OPTcrossref =  {},
  OPTkey =       {},
  pages =        {69-75},
  year =         {1999},
  editor =       {M.  S.  Kearns and S.  Solla and D.  A.  Cohn},
  volume =       {11},
  OPTnumber =    {},
  OPTseries =    {},
  address =      {Cambridge, MA},
  OPTmonth =     {},
  OPTorganization = {},
  publisher =    {MIT Press},
  OPTnote =      {},
  OPTannote =    {}
}

@InProceedings{Rao00,
  author =       {Rao, R.  P.  N.  and Sejnowski, T. J. },
  title =        {Predictive sequence learning in recurrent neocortical
circuits},
  booktitle =    {Advances in Neural Information Processing Systems},
  OPTcrossref =  {},
  OPTkey =       {},
  pages =        {164-170},
  year =         {2000},
  editor =       {S.  Solla and T.  K.  Leen and K-R.  M{\"u}ller},
  volume =       {12},
  OPTnumber =    {},
  OPTseries =    {},
  address =      {Cambridge, MA},
  OPTmonth =     {},
  OPTorganization = {},
  publisher =    {MIT Press},
  OPTnote =      {a00026},
  OPTannote =    {}
}

@InProceedings{Dayan01,
  author =       {Dayan, P. },
  title =        {xxxMotivated reinforcement learning},
  booktitle =    {Advances in Neural Information Processing Systems},
  OPTcrossref =  {},
  OPTkey =       {},
  OPTpages =     {},
  year =         {2001},
  OPTeditor =    {},
  OPTvolume =    {},
  OPTnumber =    {},
  OPTseries =    {},
  OPTaddress =   {},
  OPTmonth =     {},
  OPTorganization = {},
  OPTpublisher = {},
  OPTnote =      {a00088},
  OPTannote =    {}
}

@InProceedings{Kakade,
  author =       {Kakade, S.  and Dayan, P. },
  title =        {xxxAcquisition in Autoshaping},
  booktitle =    {Advances in Neural Information Processing Systems},
  OPTcrossref =  {},
  OPTkey =       {},
  OPTpages =     {},
  OPTyear =      {},
  OPTeditor =    {},
  OPTvolume =    {},
  number =       {12},
  OPTseries =    {},
  address =      {Cambridge, MA},
  OPTmonth =     {},
  OPTorganization = {},
  publisher =    {MIT Press},
  OPTnote =      {a00089},
  OPTannote =    {}
}

@InProceedings{Kakade01,
  author =       {Kakade, S.  and Dayan, P. },
  title =        {xxxDopamine Bonuses},
  booktitle =    {Advances in Neural Information Processing Systems},
  OPTcrossref =  {},
  OPTkey =       {},
  OPTpages =     {},
  year =         {2001},
  OPTeditor =    {},
  OPTvolume =    {},
  number =       {13},
  OPTseries =    {},
  OPTaddress =   {},
  OPTmonth =     {},
  OPTorganization = {},
  OPTpublisher = {},
  OPTnote =      {a00090},
  OPTannote =    {}
}

@InProceedings{Porr04,
  author =       {Porr, B.  and Saudargiene, A.  and W{\"o}rg{\"o}tter, F. },
  title =        {Analytical solution of spike-timing dependent
plasticity based on synaptic biophysics},
  booktitle =    {Advances in Neural Information Processing Systems},
  OPTcrossref =  {},
  OPTkey =       {},
  pages =        {},
  year =         {2004},
  OPTeditor =    {},
  OPTvolume =    {},
  OPTnumber =    {},
  OPtseries =    {},
  OPTaddress =   {},
  OPTmonth =     {},
  OPTorganization = {},
  OPTpublisher = {},
  note =         {in press},
  OPTannote =    {a00289}
}

@InProceedings{Liwanag97,
  author =       {Liwanag, A. and Becker, S.},
  title =        {Improving associative memory capacity: One-shot learning in Multilayer Hopfield Networks},
  booktitle =    {Proceedings of the 19th Annual Conference of the Cognitive Science Society},
  OPTcrossref =  {},
  OPTkey =       {},
  pages =        {442-447},
  year =         {1997},
  editor =       {Lawrence Erlbaum Associates},
  OPTvolume =    {},
  OPTnumber =    {},
  OPTseries =    {},
  address =      {Hillsdale, NJ.},
  OPTmonth =     {},
  organization = {Hillsdale Society},
  OPTpublisher = {},
  OPTnote =      {},
  OPTannote =    {}
}

@InProceedings{Feifei03,
  author =       {Fei-Fei, L. and Fergus, R. and Perona, P.},
  title =        {A Bayesian Approach to unsupervised one-shot learning of object categories},
  booktitle =    {Ninth IEEE International Conference on Computer Vision},
  OPTcrossref =  {},
  OPTkey =       {},
  pages =        {1134},
  year =         {2003},
  OPTeditor =    {},
  OPTvolume =    {},
  OPTnumber =    {},
  OPTseries =    {},
  OPTaddress =   {},
  month =        {October 13-16},
  OPTorganization = {},
  OPTpublisher = {},
  OPTnote =      {},
  OPTannote =    {}
}

@InProceedings{,
  author =       {},
  title =        {},
  booktitle =    {},
  OPTcrossref =  {},
  OPTkey =       {},
  OPTpages =     {},
  OPTyear =      {},
  OPTeditor =    {},
  OPTvolume =    {},
  OPTnumber =    {},
  OPTseries =    {},
  OPTaddress =   {},
  OPTmonth =     {},
  OPTorganization = {},
  OPTpublisher = {},
  OPTnote =      {},
  OPTannote =    {}
}

@InProceedings{,
  author =       {},
  title =        {},
  booktitle =    {},
  OPTcrossref =  {},
  OPTkey =       {},
  OPTpages =     {},
  OPTyear =      {},
  OPTeditor =    {},
  OPTvolume =    {},
  OPTnumber =    {},
  OPTseries =    {},
  OPTaddress =   {},
  OPTmonth =     {},
  OPTorganization = {},
  OPTpublisher = {},
  OPTnote =      {},
  OPTannote =    {}
}

@InProceedings{,
  author =       {},
  title =        {},
  booktitle =    {},
  OPTcrossref =  {},
  OPTkey =       {},
  OPTpages =     {},
  OPTyear =      {},
  OPTeditor =    {},
  OPTvolume =    {},
  OPTnumber =    {},
  OPTseries =    {},
  OPTaddress =   {},
  OPTmonth =     {},
  OPTorganization = {},
  OPTpublisher = {},
  OPTnote =      {},
  OPTannote =    {}
}

@InProceedings{,
  author =       {},
  title =        {},
  booktitle =    {},
  OPTcrossref =  {},
  OPTkey =       {},
  OPTpages =     {},
  OPTyear =      {},
  OPTeditor =    {},
  OPTvolume =    {},
  OPTnumber =    {},
  OPTseries =    {},
  OPTaddress =   {},
  OPTmonth =     {},
  OPTorganization = {},
  OPTpublisher = {},
  OPTnote =      {},
  OPTannote =    {}
}

@InCollection{Maass98,
  author =       {Maass, W.  and Zador, A.  M. },
  title =        {Computing and Learning with Dynamic Synapses},
  booktitle =    {xxxPulsed Neural Networks},
  OPTcrossref =  {},
  OPTkey =       {},
  pages =        {321--336},
  publisher =    {MIT-Press, Cambridge},
  year =         {1998},
  editor =       {Maass, W.  and Bishop, C. },
  OPTvolume =    {},
  OPTnumber =    {},
  OPTseries =    {},
  OPTtype =      {},
  OPTchapter =   {},
  OPTaddress =   {},
  OPTedition =   {},
  OPTmonth =     {},
  OPTnote =      {a00138}},
  OPTannote =    {}
}

@InCollection{Fellous02,
  author =       {Fellous, J. M.  and Suri, R. E. },
  title =        {The roles of Dopamine},
  booktitle =    {xxxThe Handbook of Brain Theory and Neural Networks},
  OPTcrossref =  {},
  OPTkey =       {},
  OPTpages =     {},
  publisher =    {The MIT Press},
  year =         {2002},
  editor =       {Arbib, M. A. },
  OPTvolume =    {},
  OPTnumber =    {},
  OPTseries =    {},
  OPTtype =      {},
  OPTchapter =   {},
  address =      {Cambridge, MA},
  edition =      {second edition},
  OPTmonth =     {},
  OPTnote =      {a00058},
  OPTannote =    {}
}

@InCollection{Sutton90,
  author =       {Sutton, R. S.  and Barto, A. G. },
  title =        {Time-derivative models of \mbox{P}avlovian
Reinforcement},
  booktitle =    {Learning and computational neuroscience:\mbox{F}oundation
of adaptive networks},
  OPTcrossref =  {},
  OPTkey =       {},
  OPTpages =     {},
  publisher =    {MIT Press},
  year =         {1990},
  editor =       {Gabriel, M.  and Moore, J. },
  OPTvolume =    {},
  OPTnumber =    {},
  OPTseries =    {},
  OPTtype =      {},
  OPTchapter =   {},
  OPTaddress =   {},
  OPTedition =   {},
  OPTmonth =     {},
  OPTnote =      {a00091},
  OPTannote =    {}
}

@InCollection{Houk95,
  author =       {Houk, J. C.  and Adams, J. L.  and Barto, A. G. },
  title =        {A Model of how the basal ganglia generate and use
neural signals that predict reinforcement},
  booktitle =    {Models of information processing in the basal ganglia},
  OPTcrossref =  {},
  OPTkey =       {},
  pages =        {249--270},
  publisher =    {MIT Press},
  year =         {1995},
  editor =       {Houk, J. C.  and Davis, J. L.  and Beiser, D. G. },
  OPTvolume =    {},
  OPTnumber =    {},
  OPTseries =    {},
  OPTtype =      {},
  OPTchapter =   {},
  address =      {Cambridge, MA},
  OPTedition =   {},
  OPTmonth =     {},
  OPTnote =      {a00125},
  OPTannote =    {}
}

@InCollection{Barto95,
  author =       {Barto, A. },
  title =        {Adaptive critics and the basal ganglia},
  booktitle =    {Models of Information processing in the basal ganglia},
  OPTcrossref =  {},
  OPTkey =       {},
  pages =        {215--232},
  publisher =    {MIT Press},
  year =         {1995},
  editor =       {Houk, J. C.  and Davis, J. L.  and Beiser, D. G. },
  OPTvolume =    {},
  OPTnumber =    {},
  OPTseries =    {},
  OPTtype =      {},
  OPTchapter =   {},
  address =      {Cambridge, MA},
  OPTedition =   {},
  OPTmonth =     {},
  OPTnote =      {a00134},
  OPTannote =    {}
}

@InCollection{Groves95,
  author =       {Groves, P. M.  and Garcia-Munoz, M.  and Linder, J. C.  and
Manley, M. S.  and Martone, M. E.  and Young, S. J. },
  title =        {Elements of the intrinsic organization and information
processing in the neostriatum},
  booktitle =    {Models of information processing in the Basal ganglia},
  OPTcrossref =  {},
  OPTkey =       {},
  pages =        {51--96},
  publisher =    {MIT Press},
  year =         {1995},
  editor =       {Houk, J. C.  and Davis, J. L.  and Beiser, D. G. },
  OPTvolume =    {},
  OPTnumber =    {},
  OPTseries =    {},
  OPTtype =      {},
  OPTchapter =   {},
  address =      {Cambridge, MA},
  OPTedition =   {},
  OPTmonth =     {},
  OPTnote =      {a00250},
  OPTannote =    {}
}

@InCollection{Rescorla72,
  author =       {Rescorla, R. A.  and Wagner, A. R. },
  title =        {A theory of \mbox{Pavlovian}
conditioning: \mbox{V}ariations in the effectiveness of reinforcement and
nonreinforcement},
  booktitle =    {Classical Conditioning \mbox{II: C}urrent Research and
Theory},
  OPTcrossref =  {},
  OPTkey =       {},
  OPTpages =     {},
  publisher =    {Appleton Century Crofts},
  year =         {1972},
  editor =       {Black, A. H.  and Prokasy, W. F. },
  OPTvolume =    {},
  OPTnumber =    {},
  OPTseries =    {},
  OPTtype =      {},
  OPTchapter =   {},
  address =      {New York},
  OPTedition =   {},
  OPTmonth =     {},
  OPTnote =      {a00257},
  OPTannote =    {}
}

@InCollection{Gormezano83,
  author =       {Gormezano, I.  and Kehoe, E. J.  and Marshall, B. S. },
  title =        {Twenty years of classical conditioning research with
the rabbit},
  booktitle =    {Progress of Psychobiology and physiological Psychology},
  OPTcrossref =  {},
  OPTkey =       {},
  pages =        {198--274},
  publisher =    {Academic Press},
  year =         {1983},
  editor =       {Sprague, J. M.  and Epstein, A. N. },
  OPTvolume =    {},
  OPTnumber =    {},
  OPTseries =    {},
  OPTtype =      {},
  OPTchapter =   {},
  OPTaddress =   {},
  OPTedition =   {},
  OPTmonth =     {},
  OPTnote =      {a00264},
  OPTannote =    {}
}

@InCollection{Hemmen01b,
  author =       {van Hemmen, J. L. },
  title =        {Theory of Synaptic plasticity},
  booktitle =    {Handbook of Biological Physics, Neuro-informatics, Neural
Modelling},
  OPTcrossref =  {},
  OPTkey =       {},
  pages =        {771--823},
  publisher =    {Elsevier},
  year =         {2001},
  editor =       {Moss, F.  and Gielen, S. },
  volume =       {4},
  OPTnumber =    {},
  OPTseries =    {},
  OPTtype =      {},
  OPTchapter =   {},
  address =      {Amsterdam},
  OPTedition =   {},
  OPTmonth =     {},
  OPTnote =      {a00291},
  OPTannote =    {}
}

@InBook{Koch99chapter12,
  author =       {Koch, C. },
  ALTeditor =    {},
  title =        {Biophysics of Computation},
  chapter =      {Dendritic Spines},
  publisher =    {Oxford university Press},
  year =         {1999},
  OPTkey =       {},
  OPTvolume =    {},
  OPTnumber =    {},
  OPTseries =    {},
  OPTtype =      {},
  OPTaddress =   {},
  OPTedition =   {},
  OPTmonth =     {},
  pages =        {280-307},
  OPTnote =      {},
  OPTannote =    {}
}

@InBook{Tulving72,
  author =       {Tulving, E.},
  ALTeditor =    {Tulving, E. and Donaldson, W.},
  title =        {Organization of memory},
  chapter =      {Episodic and semantic memory},
  publisher =    {Academic Press},
  year =         {1972},
  OPTkey =       {},
  OPTvolume =    {},
  OPTnumber =    {},
  OPTseries =    {},
  OPTtype =      {},
  address =      {New York},
  OPTedition =   {},
  OPTmonth =     {},
  pages =        {381-403},
  OPTnote =      {},
  OPTannote =    {}
}

@InBook{,
  ALTauthor =    {},
  ALTeditor =    {},
  title =        {},
  chapter =      {},
  publisher =    {},
  year =         {},
  OPTkey =       {},
  OPTvolume =    {},
  OPTnumber =    {},
  OPTseries =    {},
  OPTtype =      {},
  OPTaddress =   {},
  OPTedition =   {},
  OPTmonth =     {},
  OPTpages =     {},
  OPTnote =      {},
  OPTannote =    {}
}

@InBook{,
  ALTauthor =    {},
  ALTeditor =    {},
  title =        {},
  chapter =      {},
  publisher =    {},
  year =         {},
  OPTkey =       {},
  OPTvolume =    {},
  OPTnumber =    {},
  OPTseries =    {},
  OPTtype =      {},
  OPTaddress =   {},
  OPTedition =   {},
  OPTmonth =     {},
  OPTpages =     {},
  OPTnote =      {},
  OPTannote =    {}
}

@InBook{,
  ALTauthor =    {},
  ALTeditor =    {},
  title =        {},
  chapter =      {},
  publisher =    {},
  year =         {},
  OPTkey =       {},
  OPTvolume =    {},
  OPTnumber =    {},
  OPTseries =    {},
  OPTtype =      {},
  OPTaddress =   {},
  OPTedition =   {},
  OPTmonth =     {},
  OPTpages =     {},
  OPTnote =      {},
  OPTannote =    {}
}

@InBook{,
  ALTauthor =    {},
  ALTeditor =    {},
  title =        {},
  chapter =      {},
  publisher =    {},
  year =         {},
  OPTkey =       {},
  OPTvolume =    {},
  OPTnumber =    {},
  OPTseries =    {},
  OPTtype =      {},
  OPTaddress =   {},
  OPTedition =   {},
  OPTmonth =     {},
  OPTpages =     {},
  OPTnote =      {},
  OPTannote =    {}
}

@Proceedings{,
  title =        {},
  year =         {},
  OPTkey =       {},
  OPTeditor =    {},
  OPTvolume =    {},
  OPTnumber =    {},
  OPTseries =    {},
  OPTaddress =   {},
  OPTmonth =     {},
  OPTorganization = {},
  OPTpublisher = {},
  OPTnote =      {},
  OPTannote =    {}
}

@Book{Hebb49,
  author =       {Hebb, D.  O. },
  ALTeditor =    {},
  title =        {The organization of behavior: A neurophychological study},
  publisher =    {New York: Wiley-Interscience},
  year =         {1949},
  OPTkey =       {},
  OPTvolume =    {},
  OPTnumber =    {},
  OPTseries =    {},
  OPTaddress =   {},
  OPTedition =   {},
  OPTmonth =     {},
  OPTnote =      {},
  OPTannote =    {}
}

@Book{Koch99,
  author =       {Koch, C. },
  ALTeditor =    {Stryker, M. },
  title =        {Biophysics of Computation},
  publisher =    {Oxford University Press},
  year =         {1999},
  OPTkey =       {},
  OPTvolume =    {},
  OPTnumber =    {},
  OPTseries =    {},
  OPTaddress =   {},
  OPTedition =   {},
  OPTmonth =     {},
  OPTnote =      {},
  OPTannote =    {}
}

@Book{Miller81a,
  author =       {Miller, R. M. },
  ALTeditor =    {},
  title =        {xxxMeaning and purpose in the intact brain},
  publisher =    {Clarendon Press},
  year =         {1981},
  OPTkey =       {},
  OPTvolume =    {},
  OPTnumber =    {},
  OPTseries =    {},
  address =      {Oxford},
  OPTedition =   {},
  OPTmonth =     {},
  OPTnote =      {a00232},
  OPTannote =    {}
}

@Book{Hull43,
  author =       {Hull, C. L. },
  ALTeditor =    {},
  title =        {Principles of Behavior},
  publisher =    {Appleton Century Crofts},
  year =         {1943},
  OPTkey =       {},
  OPTvolume =    {},
  OPTnumber =    {},
  OPTseries =    {},
  address =      {New York},
  OPTedition =   {},
  OPTmonth =     {},
  OPTnote =      {a00267},
  OPTannote =    {}
}

@Book{Klopf82,
  author =       {Klopf, A. H. },
  ALTeditor =    {},
  title =        {The hedonistic neuron: {A} theory of memory, learning,
and intelligence},
  publisher =    {Hemisphere},
  year =         {1982},
  OPTkey =       {},
  OPTvolume =    {},
  OPTnumber =    {},
  OPTseries =    {},
  address =      {Washington, DC},
  OPTedition =   {},
  OPTmonth =     {},
  OPTnote =      {a00269},
  OPTannote =    {}
}

@Book{Lovejoy68,
  author =       {Lovejoy, E.},
  ALTeditor =    {},
  title =        {xxxAttention in Discrimination Learning},
  publisher =    {Holden Day},
  year =         {1968},
  OPTkey =       {},
  OPTvolume =    {},
  OPTnumber =    {},
  OPTseries =    {},
  address =      {San Francisco},
  OPTedition =   {},
  OPTmonth =     {},
  OPTnote =      {a00270},
  OPTannote =    {}
}

@Book{Mackintosh83,
  author =       {Mackintosh, N. J. },
  ALTeditor =    {},
  title =        {Conditioning and associative learning},
  publisher =    {Oxford University Press},
  year =         {1983},
  OPTkey =       {},
  OPTvolume =    {},
  OPTnumber =    {},
  OPTseries =    {},
  address =      {Oxford},
  OPTedition =   {},
  OPTmonth =     {},
  OPTnote =      {a00271},
  OPTannote =    {}
}

@Book{Mackintosh74,
  author =       {Mackintosh, N. J. },
  ALTeditor =    {},
  title =        {The psychology of animal learning},
  publisher =    {Academic Press},
  year =         {1974},
  OPTkey =       {},
  OPTvolume =    {},
  OPTnumber =    {},
  OPTseries =    {},
  address =      {},
  OPTedition =   {},
  OPTmonth =     {},
  OPTnote =      {a00341},
  OPTannote =    {}
}

@Book{Dayan03,
  author =       {Dayan, P. and Abbott, L.F.},
  editor =       {},
  title =        {Theoretical Neuroscience, Computational and mathematical modeling of neural systems},
  publisher =    {The MIT Press},
  year =         {2003},
  OPTkey =       {},
  OPTvolume =    {},
  OPTnumber =    {},
  OPTseries =    {},
  address =      {Cambridge, Massachusetts: London, England},
  OPTedition =   {},
  OPTmonth =     {},
  OPTnote =      {},
  OPTannote =    {}
}

@Book{,
  ALTauthor =    {},
  ALTeditor =    {},
  title =        {},
  publisher =    {},
  year =         {},
  OPTkey =       {},
  OPTvolume =    {},
  OPTnumber =    {},
  OPTseries =    {},
  OPTaddress =   {},
  OPTedition =   {},
  OPTmonth =     {},
  OPTnote =      {},
  OPTannote =    {}
}@Book{,
  ALTauthor =    {},
  ALTeditor =    {},
  title =        {},
  publisher =    {},
  year =         {},
  OPTkey =       {},
  OPTvolume =    {},
  OPTnumber =    {},
  OPTseries =    {},
  OPTaddress =   {},
  OPTedition =   {},
  OPTmonth =     {},
  OPTnote =      {},
  OPTannote =    {}
}@Book{,
  ALTauthor =    {},
  ALTeditor =    {},
  title =        {},
  publisher =    {},
  year =         {},
  OPTkey =       {},
  OPTvolume =    {},
  OPTnumber =    {},
  OPTseries =    {},
  OPTaddress =   {},
  OPTedition =   {},
  OPTmonth =     {},
  OPTnote =      {},
  OPTannote =    {}
}@Book{,
  ALTauthor =    {},
  ALTeditor =    {},
  title =        {},
  publisher =    {},
  year =         {},
  OPTkey =       {},
  OPTvolume =    {},
  OPTnumber =    {},
  OPTseries =    {},
  OPTaddress =   {},
  OPTedition =   {},
  OPTmonth =     {},
  OPTnote =      {},
  OPTannote =    {}
}
@Booklet{,
  title =        {},
  OPTkey =       {},
  OPTauthor =    {},
  OPThowpublished = {},
  OPTaddress =   {},
  OPTmonth =     {},
  OPTyear =      {},
  OPTnote =      {},
  OPTannote =    {}
}

@PhdThesis{Daw03,
  author =       {Daw, N. D.},
  title =        {Reinforcement learning models of the dopamine system and their behavioral implications},
  school =       {School of Computer Science, Carnegie Mellon University},
  year =         {2003},
  OPTkey =       {},
  OPTtype =      {},
  address =      {Pittsburgh, PA},
  OPTmonth =     {},
  OPTnote =      {},
  OPTannote =    {}
}

@PhdThesis{,
  author =       {},
  title =        {},
  school =       {},
  year =         {},
  OPTkey =       {},
  OPTtype =      {},
  OPTaddress =   {},
  OPTmonth =     {},
  OPTnote =      {},
  OPTannote =    {}
}

@MastersThesis{,
  author =       {},
  title =        {},
  school =       {},
  year =         {},
  OPTkey =       {},
  OPTtype =      {},
  OPTaddress =   {},
  OPTmonth =     {},
  OPTnote =      {},
  OPTannote =    {}
}

@TechReport{Balkenius98,
  author =       {Balkenius, C.  and Moren, J. },
  title =        {Computational Models of classical conditioning: A
comparative study},
  institution =  {Lund University Cognitive Studies},
  year =         {1998},
  OPTkey =       {},
  type =         {LUCS 62},
  number =       {ISSN 1101-8453},
  OPTaddress =   {},
  OPTmonth =     {},
  OPTnote =      {a00096},
  OPTannote =    {}
}

@TechReport{Klopf72,
  author =       {Klopf, A. H. },
  title =        {Brain function and adaptive systems - a heterostatic
theory},
  institution =  {Air Force Cambridge Research Laboratories Special Report
No.  133},
  year =         {1972},
  OPTkey =       {},
  OPTtype =      {},
  OPTnumber =    {},
  address =      {Defense Technical Information Center, Cameron Station,
Alexandria, VA 22304},
  OPTmonth =     {},
  OPTnote =      {a00268},
  OPTannote =    {}
}

@TechReport{Johansson02,
  author =       {Johansson, C.  and Lansner, A. },
  title =        {xxxAn associative neural network model of classical
conditioning},
  institution =  {SANS-Nada-KTH},
  year =         {2002},
  OPTkey =       {},
  OPTtype =      {},
  OPTnumber =    {},
  address =      {TRITA-NA-P0217},
  OPTmonth =     {},
  OPTnote =      {a00290},
  OPTannote =    {}
}

@TechReport{,
  author =       {},
  title =        {},
  institution =  {},
  year =         {},
  OPTkey =       {},
  OPTtype =      {},
  OPTnumber =    {},
  OPTaddress =   {},
  OPTmonth =     {},
  OPTnote =      {},
  OPTannote =    {}
}

@Manual{,
  title =        {},
  OPTkey =       {},
  OPTauthor =    {},
  OPTorganization = {},
  OPTaddress =   {},
  OPTedition =   {},
  OPTmonth =     {},
  OPTyear =      {},
  OPTnote =      {},
  OPTannote =    {}
}

@Unpublished{,
  author =       {},
  title =        {},
  note =         {},
  OPTkey =       {},
  OPTmonth =     {},
  OPTyear =      {},
  OPTannote =    {}
}

@Misc{,
  OPTkey =       {},
  OPTauthor =    {},
  OPTtitle =     {},
  OPThowpublished = {},
  OPTmonth =     {},
  OPTyear =      {},
  OPTnote =      {},
  OPTannote =    {}
}

stdp03.bib

Content-Type:
    text/plain
Content-Encoding:
    7bit
