Created by Kbib version 0.6.5
\#Last modified: Sat Jun  4 19:10:13 2011

@InCollection{ Albrecht93I,
	author = "Ulrich Wegenroth",
	title = "Technik und Wirtschaft",
	booktitle = "Technik und Gesellschaft",
	publisher = "VDI-Verl",
	year = "1993",
	editor = "Helmuth Albrecht",
	address = {D{\"u}sseldorf}
}

@Misc{ Bachmann94,
	author = "Philipp Bachmann and Lars Steinke",
	title = "W3 -- The project",
	howpublished = "WWW",
	year = "1994",
	optnote = "bachlipp@mibm.ruf.uni-freiburg.de, steinke@informatik.uni-freiburg.de"
}

@Book{ Borbe84,
	title = {MIKROELEKTRONIK Die Folgen f{\"u}r die zwischenmenschliche Kommunikation},
	publisher = "Colloquium Verlag",
	year = "1984",
	editor = "Tasso Borb{\'e}",
	address = "Berlin"
}

@Article{ Carvin95,
	author = "Andy Carvin",
	title = "The Kids Who Would Be King",
	journal = "CMC Magazine",
	year = "1995",
	volume = "2",
	number = "6",
	pages = "3ff"
}

@Book{ Cipolla76_1,
	title = {Europ{\"a}ische Weltgeschichte},
	publisher = "Gustav Fischer Verlag",
	year = "1976",
	editor = "Carlo M. Cipolla",
	volume = "Mittelalter",
	address = "Stuttgart"
}

@Book{ Cipolla76_3,
	title = {Europ{\"a}ische Weltgeschichte},
	publisher = "Gustav Fischer Verlag",
	year = "1976",
	editor = "Carlo M. Cipolla",
	volume = "Die Industrielle Revolution",
	address = "Stuttgart"
}

@InCollection{ Coy94,
	author = "Wolfgang Coy",
	title = "Aus der Vorgeschichte des Mediums Computer",
	booktitle = "Computer als Medium",
	publisher = "Wilhelm Fink Verlag",
	year = "1994",
	editor = "Norbert Bolz and Fiedrich A. Kittler and Christoph Tholen",
	address = {M{\"u}nchen}
}

@Misc{ CyberpunkWWW,
	key = "Idaho",
	title = "Cyberpunk as a social movement",
	howpublished = "WWW",
	year = "1995",
	note = "{\small\ http: //www.cs.uidaho.edu/lal/cyberspace/cyberpunk/gibson/gibson.html}"
}

@Misc{ Dell94,
	author = "Simes",
	title = "Befuddeled PC users flood help lines, und no question seems to be too basic",
	howpublished = "Word Wide Web",
	year = "1996",
	note = "{\small\ http: //www.tpc.co.uk/staff/simes/non-tcp/dell.html}"
}

@Book{ Doehn79,
	author = {Lothar D{\"o}hn},
	title = "Medien-Lexikon",
	publisher = "Signal-Verlag",
	year = "1979",
	address = "Baden-Baden"
}

@Article{ Doherty95,
	author = "Michael E. {Doherty Jr.}",
	title = "Marshall McLuhan Meets William Gibson in ``Cyberspace''",
	journal = "CMC Magazine",
	year = "1995",
	pages = "4ff"
}

@Article{ Elektor81April,
	author = "J. Kuipers",
	title = "Intelektor -- Schachspieler mit $\mu$P-Gehirn",
	journal = "Elektor",
	year = "1981",
	volume = "April",
	pages = "32--33"
}

@Misc{ Elektor81September,
	key = "Elektor September",
	title = "TV -- Spielcomputer -- Luxusversion",
	howpublished = "Zeitschrift",
	month = "September",
	year = "1981"
}

@Misc{ Faust08,
	author = "Johann Wolfgang von Goethe",
	title = "FAUST",
	howpublished = "WWW",
	year = "1808",
	note = "{\small\ gopher: //eng.hss.cmu.edu/ 00ftp\%3AEnglish.Server\%3ADrama\%3AGoethe-Faust}"
}

@Book{ Gibson84,
	author = "William Gibson",
	title = "Neuromancer",
	publisher = "Hammersmith",
	year = "1984",
	address = "London"
}

@Book{ Humann81,
	author = "Klaus Humann",
	title = {B{\"u}rgerhandbuch Datenschutz},
	publisher = "Rowohlt",
	year = "1981",
	address = "Reinbeck bei Hamburg"
}

@Book{ Ifrath92,
	author = "Georges Ifrath",
	title = "Die Zahlen",
	publisher = "Campus Verlag",
	year = "1992",
	address = "Frankfurt/New York"
}

@Book{ Kidwell94,
	author = "Peggy Aldrich Kidwell and Paul E. Ceruzzi",
	title = "Landmarks in digital computing",
	publisher = "Smithonian Institution Press",
	year = "1994",
	address = "Washington London"
}

@Book{ KnaursTechnik,
	author = "Carl Graf von Klinckowstroem",
	title = "Knaurs Geschichte der Technik",
	publisher = "Droemer Knaur",
	year = "1959",
	address = {M{\"u}nchen/Z{\"u}rich}
}

@Article{ Krauch78,
	author = "Helmut Krauch",
	title = "Wie Menschen zu Daten verarbeitet werden",
	journal = "Psychologie Heute",
	year = "1978",
	pages = "23--31"
}

@Book{ Lammarsch94,
	author = "Joachim Lammarsch",
	title = "Internet \& Co: Elektronische Fachkommunikation auf akademischen Netzen",
	publisher = "Addion Wesley",
	year = "1994",
	address = "Bonn"
}

@InCollection{ Lehnhart94,
	author = "Christian Lehnhart",
	title = {Beitr{\"a}ge zur Welt der Kinder},
	booktitle = "Computer als Sozialisationsfaktor",
	publisher = "Lit Verlag",
	year = "1994",
	editor = "Prof.~Dr.~Josef Lingnau",
	volume = "Band 4",
	address = {M{\"u}nster}
}



@Misc{ Meyers96,
	author = "Jeremy Meyers",
	title = "A Short History of the Computer",
	howpublished = "World Wide Web",
	year = "1996",
	note = "{\small\ http: //www.users.interport.net/~softlord/comp.html}"
}

@Article{ Mosbacker95,
	author = "Barrett Mosbacker",
	title = "The Information Highway -- Littered with Roadkill?",
	journal = "CMC Magazine",
	year = "1995",
	volume = "2",
	number = "6",
	pages = "5ff"
}

@Article{ Nelson78,
	author = "Ruth Nelson",
	title = "Computer: Denn sie wissen jetzt, was sie tun",
	journal = "Psychologie Heute",
	year = "1978",
	pages = "23--29"
}

@Book{ Nora79,
	author = "Simon Nora and Alain Minc",
	title = "Die Informatisierung der Gesellschaft",
	publisher = "Campus Verlag",
	year = "1979",
	address = "Frankfurt/NewYork"
}

@Book{ Penrose91,
	author = "Roger Penrose",
	title = "Computerdenken",
	publisher = "Spektrum der Wissenschaft Verlagsgesellschaft",
	year = "1991",
	address = "Heidelberg"
}

@Misc{ PsychoMai,
	key = "Psychologie-Heute Mai",
	title = "Aufwachsen mit dem Computer",
	howpublished = "Zeitschrift",
	year = "1996",
	pages = "12"
}

@Proceedings{ RGU74,
	title = {Rechner-Gest{\"u}tzter Unterricht},
	year = "1974",
	editor = {K. Brunnstein and K. Haefner and W. H{\"a}ndler},
	volume = "17",
	series = "Lecture Notes in Computer Science",
	address = "Berlin/Heidelberg/New York",
	organization = {Gesellschaft f{\"u}r Informatik},
	publisher = "Springer-Verlag"
}

@Book{ Rammert90,
	title = "Computerwelten -- Alltagswelten",
	publisher = "Westdeutscher Verlag",
	year = "1990",
	editor = "Werner Rammert",
	address = "Opladen"
}

@InCollection{ Rammert93,
	author = "Werner Rammert",
	title = "Technik \& Kultur",
	booktitle = "Technik \& Gesellschaft",
	publisher = "VDI-Verl",
	year = "1993",
	editor = "Helmuth Albrecht",
	address = {D{\"u}sseldorf}
}

@Book{ Rheingold94,
	author = "Howard Rheingold",
	title = "Virtuelle Gemeinschaft",
	publisher = "Addison-Wesley",
	year = "1994",
	address = "Bonn"
}

@Book{ Sarnow94,
	author = "Karl Sarnow and Odd de Presno",
	title = "Online World, Globale Kommunkation",
	publisher = "Heise-Verlag",
	year = "1994",
	address = "Hamburg"
}

@Book{ Schachtner93,
	author = "Christel Schachtner",
	title = "Geistmaschine: Faszination und Provokation",
	publisher = "Suhrkamp",
	year = "1993",
	address = "Frankfurt am Main"
}

@Misc{ Sterling95,
	author = "Bruce Sterling",
	title = "Internet",
	howpublished = "WWW",
	year = "1995",
	note = "bruces@well.sf.ca.us",
	annote = "Literary Freeware -- Not for Commercial Use"
}

@Misc{ Verena96,
	author = "Verena",
	title = "A Brief History",
	howpublished = "Word Wide Web",
	year = "1996",
	note = "{\small\ http: //csep2.phy.ornl.gov/csep{\_}old/ov/}"
}

@Book{ Vorndran86,
	author = "Edgar P. Vorndran",
	title = "Entwicklungsgeschichte des Computers",
	publisher = "VDE-Verlag",
	year = "1986",
	address = {D{\"u}sseldorf}
}

@Book{ Weingarten88,
	title = "Technisierte Kommunikation",
	publisher = "Westdeutscher Verlag",
	year = "1988",
	editor = {R{\"u}diger Weingarten},
	address = "Opladen"
}

@Book{ Weizenbaum78,
	author = "Joseph Weizenbaum",
	title = "Die Macht der Computer und die Ohnmacht der Vernunft",
	publisher = "Suhrkamp",
	year = "1978",
	address = "Frankfurt am Main"
}

@Article{ Zimmer95,
	author = "Jochen Zimmer",
	title = {Online-Dienste f{\"u}r ein Massenpublikum},
	journal = "Media Perspektiven",
	year = "1995",
	volume = "44",
	pages = "476--488"
}

@Article{ Buccino200:MirrorNeurons,
	title = {Neural Circuits Underlying Imitation Learning of Hand Actions: An Event-Related {fMRI} Study},
	journal = "Neuron",
	volume = "42",
	number = "2",
	pages = "323--334",
	year = "2004",
	note = "",
	issn = "0896-6273",
	doi = "DOI: 10.1016/S0896-6273(04)00181-3",
	url = "http://www.sciencedirect.com/science/article/pii/S0896627304001813",
	author = "Giovanni Buccino and Stefan Vogt and Afra Ritzl and Gereon R Fink and Karl Zilles and Hans-Joachim Freund and Giacomo Rizzolatti"
}

@Book{ Karel1920:RUR,
	title = "R.U.R. (Rossum's universal robots)",
	author = "Karel \v{C}apek and Claudia Novack",
	year = "1920",
	publisher={Penguin Classics}
}

